day;timestamp;product;bid_price_1;bid_volume_1;bid_price_2;bid_volume_2;bid_price_3;bid_volume_3;ask_price_1;ask_volume_1;ask_price_2;ask_volume_2;ask_price_3;ask_volume_3;mid_price;profit_and_loss
0;0;PEARLS;9998;9;9995;23;;;10005;23;;;;;10001.5;0.0
0;0;BANANAS;4893;9;4892;23;;;4899;23;;;;;4896.0;0.0
0;100;PEARLS;10002;1;10000;2;9998;4;10004;1;10005;21;;;10003.0;0.0
0;100;BANANAS;4897;1;4892;26;;;4898;22;;;;;4897.5;-17.60546875
0;200;PEARLS;9996;1;9995;21;;;10004;1;10005;21;;;10000.0;2.0
0;200;BANANAS;4892;22;;;;;4899;22;;;;;4895.5;-21.6171875
0;300;PEARLS;9995;26;;;;;10005;26;;;;;10000.0;2.0
0;300;BANANAS;4898;1;4893;26;;;4900;26;;;;;4899.0;-27.78125
0;400;PEARLS;9998;8;9996;2;9995;26;10004;2;10005;26;;;10001.0;2.0
0;400;BANANAS;4894;8;4893;28;;;4896;5;4899;28;;;4895.0;-24.1171875
0;500;PEARLS;9998;8;9996;1;9995;23;10004;1;10005;23;;;10001.0;2.0
0;500;BANANAS;4898;1;4894;8;4893;24;4899;24;;;;;4898.5;-39.40625
0;600;PEARLS;9996;2;9995;28;;;10004;2;10005;28;;;10000.0;2.0
0;600;BANANAS;4892;30;;;;;4899;30;;;;;4895.5;-27.9140625
0;700;PEARLS;9996;1;9995;22;;;10004;1;10005;22;;;10000.0;2.0
0;700;BANANAS;4891;22;;;;;4898;23;;;;;4894.5;-12.3359375
0;800;PEARLS;9996;1;9995;24;;;10000;3;10004;1;10005;24;9998.0;2.0
0;800;BANANAS;4894;1;4891;25;;;4898;25;;;;;4896.0;-7.03125
0;900;BANANAS;4892;1;4891;20;;;4898;21;;;;;4895.0;-14.4921875
0;900;PEARLS;9996;1;9995;20;;;9998;11;10004;1;10005;20;9997.0;2.0
0;1000;PEARLS;9996;1;9995;30;;;10004;1;10005;30;;;10000.0;24.0
0;1000;BANANAS;4891;31;;;;;4897;1;4898;30;;;4894.0;-2.234375
0;1100;BANANAS;4891;22;;;;;4896;6;4898;22;;;4893.5;-5.4296875
0;1100;PEARLS;9996;1;9995;21;;;10002;6;10004;1;10005;21;9999.0;24.0
0;1200;PEARLS;9996;1;9995;22;;;10004;1;10005;22;;;10000.0;24.0
0;1200;BANANAS;4891;22;;;;;4898;23;;;;;4894.5;-6.8984375
0;1300;BANANAS;4890;25;;;;;4897;25;;;;;4893.5;4.828125
0;1300;PEARLS;10002;1;9995;25;;;10005;25;;;;;10003.5;24.0
0;1400;PEARLS;9995;23;;;;;10000;6;10005;23;;;9997.5;26.0
0;1400;BANANAS;4890;23;;;;;4897;23;;;;;4893.5;4.90625
0;1500;BANANAS;4896;1;4891;1;4890;20;4897;21;;;;;4896.5;4.25
0;1500;PEARLS;9996;1;9995;20;;;9998;4;10004;1;10005;20;9997.0;26.0
0;1600;PEARLS;9996;2;9995;28;;;10004;2;10005;28;;;10000.0;34.0
0;1600;BANANAS;4891;30;;;;;4897;30;;;;;4894.0;3.21875
0;1700;BANANAS;4890;28;;;;;4892;2;4897;28;;;4891.0;5.8359375
0;1700;PEARLS;9995;28;;;;;10005;28;;;;;10000.0;34.0
0;1800;PEARLS;10000;4;9995;23;;;10002;10;10005;23;;;10001.0;34.0
0;1800;BANANAS;4890;23;;;;;4895;10;4897;23;;;4892.5;10.1640625
0;1900;BANANAS;4890;32;;;;;4891;1;4897;32;;;4890.5;0.2421875
0;1900;PEARLS;9996;2;9995;30;;;10004;2;10005;30;;;10000.0;34.0
0;2000;PEARLS;9996;2;9995;21;;;10004;2;10005;21;;;10000.0;34.0
0;2000;BANANAS;4890;23;;;;;4896;2;4897;21;;;4893.0;4.27734375
0;2100;BANANAS;4890;28;;;;;4896;2;4897;26;;;4893.0;5.46875
0;2100;PEARLS;9996;2;9995;26;;;10004;2;10005;26;;;10000.0;34.0
0;2200;PEARLS;9996;1;9995;20;;;9998;4;10004;1;10005;20;9997.0;34.0
0;2200;BANANAS;4890;1;4889;20;;;4896;21;;;;;4893.0;6.83203125
0;2300;PEARLS;9996;2;9995;22;;;10004;2;10005;22;;;10000.0;34.0
0;2300;BANANAS;4890;2;4889;22;;;4892;1;4896;24;;;4891.0;7.515625
0;2400;PEARLS;9996;2;9995;20;;;10004;2;10005;20;;;10000.0;34.0
0;2400;BANANAS;4890;2;4889;20;;;4896;22;;;;;4893.0;8.20703125
0;2500;PEARLS;9998;3;9996;2;9995;21;10004;2;10005;21;;;10001.0;34.0
0;2500;BANANAS;4891;3;4890;23;;;4896;2;4897;21;;;4893.5;6.0
0;2600;PEARLS;10002;1;9996;1;9995;29;10004;1;10005;29;;;10003.0;28.0
0;2600;BANANAS;4890;1;4889;29;;;4894;4;4896;30;;;4892.0;8.177734375
0;2700;PEARLS;9998;7;9996;2;9995;21;10004;2;10005;21;;;10001.0;30.0
0;2700;BANANAS;4890;9;4889;21;;;4896;23;;;;;4893.0;3.4189453125
0;2800;PEARLS;9995;27;;;;;10005;27;;;;;10000.0;30.0
0;2800;BANANAS;4890;27;;;;;4897;27;;;;;4893.5;2.38671875
0;2900;PEARLS;9996;2;9995;20;;;10004;2;10005;20;;;10000.0;30.0
0;2900;BANANAS;4891;22;;;;;4897;22;;;;;4894.0;1.1083984375
0;3000;PEARLS;9996;1;9995;29;;;10004;1;10005;29;;;10000.0;30.0
0;3000;BANANAS;4896;1;4891;30;;;4897;30;;;;;4896.5;1.0263671875
0;3100;PEARLS;9998;5;9996;1;9995;27;10004;1;10005;27;;;10001.0;30.0
0;3100;BANANAS;4892;6;4891;28;;;4897;1;4898;27;;;4894.5;2.80078125
0;3200;PEARLS;10002;2;9995;24;;;10005;24;;;;;10003.5;30.0
0;3200;BANANAS;4891;24;;;;;4898;24;;;;;4894.5;1.0048828125
0;3300;PEARLS;10002;1;9996;1;9995;24;10004;1;10005;24;;;10003.0;34.0
0;3300;BANANAS;4891;25;;;;;4897;1;4898;24;;;4894.0;2.244140625
0;3400;PEARLS;9998;10;9996;2;9995;27;10004;2;10005;27;;;10001.0;36.0
0;3400;BANANAS;4892;10;4891;29;;;4897;2;4898;27;;;4894.5;2.216796875
0;3500;PEARLS;9995;26;;;;;10002;10;10005;26;;;9998.5;36.0
0;3500;BANANAS;4894;4;4891;26;;;4896;10;4898;26;;;4895.0;2.212890625
0;3600;PEARLS;9995;27;;;;;10002;8;10005;27;;;9998.5;36.0
0;3600;BANANAS;4891;27;;;;;4896;8;4898;27;;;4893.5;2.57421875
0;3700;PEARLS;9998;3;9995;25;;;10005;25;;;;;10001.5;36.0
0;3700;BANANAS;4893;4;4892;25;;;4898;25;;;;;4895.5;0.0615234375
0;3800;PEARLS;9995;24;;;;;10005;24;;;;;10000.0;36.0
0;3800;BANANAS;4892;24;;;;;4899;24;;;;;4895.5;-0.712890625
0;3900;PEARLS;9996;2;9995;24;;;10004;2;10005;24;;;10000.0;36.0
0;3900;BANANAS;4892;26;;;;;4898;26;;;;;4895.0;0.0849609375
0;4000;PEARLS;10002;1;9996;1;9995;30;10004;1;10005;30;;;10003.0;36.0
0;4000;BANANAS;4891;30;;;;;4898;31;;;;;4894.5;0.755859375
0;4100;PEARLS;10000;5;9996;2;9995;22;10002;4;10004;2;10005;22;10001.0;38.0
0;4100;BANANAS;4892;24;;;;;4897;4;4899;24;;;4894.5;-1.578125
0;4200;PEARLS;10002;5;9996;1;9995;28;10004;1;10005;28;;;10003.0;38.0
0;4200;BANANAS;4893;1;4892;28;;;4899;29;;;;;4896.0;-2.294921875
0;4300;PEARLS;9995;26;;;;;10002;8;10005;26;;;9998.5;48.0
0;4300;BANANAS;4892;26;;;;;4897;8;4899;26;;;4894.5;-2.037109375
0;4400;PEARLS;9995;28;;;;;10005;28;;;;;10000.0;48.0
0;4400;BANANAS;4892;28;;;;;4899;28;;;;;4895.5;-2.2763671875
0;4500;PEARLS;9995;26;;;;;10005;26;;;;;10000.0;48.0
0;4500;BANANAS;4892;26;;;;;4899;26;;;;;4895.5;-2.400390625
0;4600;PEARLS;9995;21;;;;;10005;21;;;;;10000.0;48.0
0;4600;BANANAS;4892;21;;;;;4899;21;;;;;4895.5;-2.14453125
0;4700;PEARLS;9998;5;9995;26;;;10005;26;;;;;10001.5;48.0
0;4700;BANANAS;4893;5;4892;26;;;4899;26;;;;;4896.0;-1.974609375
0;4800;PEARLS;9996;1;9995;22;;;10004;1;10005;22;;;10000.0;48.0
0;4800;BANANAS;4898;1;4893;1;4892;22;4899;23;;;;;4898.5;-2.482421875
0;4900;PEARLS;9996;2;9995;22;;;10004;2;10005;22;;;10000.0;48.0
0;4900;BANANAS;4893;24;;;;;4899;24;;;;;4896.0;-0.775390625
0;5000;PEARLS;9998;9;9996;1;9995;30;10004;1;10005;30;;;10001.0;48.0
0;5000;BANANAS;4893;10;4892;30;;;4899;31;;;;;4896.0;-0.216796875
0;5100;PEARLS;9995;26;;;;;10005;26;;;;;10000.0;48.0
0;5100;BANANAS;4893;26;;;;;4899;26;;;;;4896.0;-1.09375
0;5200;PEARLS;10000;5;9998;7;9996;2;10004;2;10005;23;;;10002.0;48.0
0;5200;BANANAS;4894;7;4893;25;;;4900;25;;;;;4897.0;-2.669921875
0;5300;BANANAS;4893;22;;;;;4900;22;;;;;4896.5;-3.5
0;5300;PEARLS;9995;22;;;;;9998;12;10005;22;;;9996.5;48.0
0;5400;BANANAS;4894;30;;;;;4901;30;;;;;4897.5;-7.30859375
0;5400;PEARLS;9995;30;;;;;10005;30;;;;;10000.0;72.0
0;5500;PEARLS;9996;1;9995;28;;;10004;1;10005;28;;;10000.0;72.0
0;5500;BANANAS;4895;1;4894;28;;;4901;29;;;;;4898.0;-7.892578125
0;5600;PEARLS;9998;2;9996;2;9995;23;10004;2;10005;23;;;10001.0;72.0
0;5600;BANANAS;4896;2;4895;25;;;4901;2;4902;23;;;4898.5;-9.80859375
0;5700;BANANAS;4899;4;4895;31;;;4901;31;;;;;4900.0;-8.884765625
0;5700;PEARLS;9996;1;9995;30;;;10004;1;10005;30;;;10000.0;72.0
0;5800;BANANAS;4894;30;;;;;4897;2;4901;30;;;4895.5;-2.13671875
0;5800;PEARLS;9996;2;9995;28;;;10004;2;10005;28;;;10000.0;72.0
0;5900;PEARLS;9996;2;9995;21;;;10004;2;10005;21;;;10000.0;72.0
0;5900;BANANAS;4895;23;;;;;4901;23;;;;;4898.0;-2.912109375
0;6000;PEARLS;9995;30;;;;;10002;10;10005;30;;;9998.5;72.0
0;6000;BANANAS;4894;30;;;;;4899;10;4901;30;;;4896.5;-2.07421875
0;6100;BANANAS;4895;1;4894;24;;;4901;25;;;;;4898.0;-13.927734375
0;6100;PEARLS;9996;1;9995;24;;;10004;1;10005;24;;;10000.0;72.0
0;6200;BANANAS;4900;1;4895;4;4894;29;4901;30;;;;;4900.5;-13.97265625
0;6200;PEARLS;9998;3;9996;1;9995;29;10004;1;10005;29;;;10001.0;72.0
0;6300;PEARLS;9995;22;;;;;10005;22;;;;;10000.0;72.0
0;6300;BANANAS;4894;22;;;;;4897;3;4901;22;;;4895.5;-12.94921875
0;6400;PEARLS;9996;1;9995;23;;;10002;6;10004;1;10005;23;9999.0;72.0
0;6400;BANANAS;4894;24;;;;;4897;2;4899;6;4901;24;4895.5;-11.2265625
0;6500;BANANAS;4894;22;;;;;4901;22;;;;;4897.5;-8.796875
0;6500;PEARLS;9995;22;;;;;10005;22;;;;;10000.0;72.0
0;6600;BANANAS;4894;29;;;;;4901;29;;;;;4897.5;-10.48828125
0;6600;PEARLS;9996;2;9995;27;;;10004;2;10005;27;;;10000.0;72.0
0;6700;PEARLS;9996;1;9995;30;;;10004;1;10005;30;;;10000.0;72.0
0;6700;BANANAS;4894;31;;;;;4900;1;4901;30;;;4897.0;-11.71875
0;6800;PEARLS;10000;5;9996;2;9995;29;10004;2;10005;29;;;10002.0;72.0
0;6800;BANANAS;4893;30;;;;;4899;2;4900;29;;;4896.0;-19.60546875
0;6900;PEARLS;9996;2;9995;27;;;10004;2;10005;27;;;10000.0;72.0
0;6900;BANANAS;4893;29;;;;;4900;29;;;;;4896.5;-22.984375
0;7000;PEARLS;9996;1;9995;30;;;10004;1;10005;30;;;10000.0;72.0
0;7000;BANANAS;4894;1;4893;30;;;4900;31;;;;;4897.0;-19.765625
0;7100;PEARLS;9996;1;9995;30;;;9998;5;10002;7;10004;1;9997.0;72.0
0;7100;BANANAS;4893;31;;;;;4898;7;4900;31;;;4895.5;-21.578125
0;7200;PEARLS;9996;1;9995;22;;;10002;1;10004;1;10005;22;9999.0;82.0
0;7200;BANANAS;4893;23;;;;;4898;2;4899;1;4900;22;4895.5;-25.015625
0;7300;PEARLS;9996;1;9995;25;;;10004;1;10005;25;;;10000.0;82.0
0;7300;BANANAS;4893;26;;;;;4900;26;;;;;4896.5;-24.24609375
0;7400;PEARLS;10002;1;9995;22;;;10005;22;;;;;10003.5;82.0
0;7400;BANANAS;4894;22;;;;;4901;22;;;;;4897.5;-16.4140625
0;7500;PEARLS;9995;29;;;;;10005;29;;;;;10000.0;84.0
0;7500;BANANAS;4894;29;;;;;4901;29;;;;;4897.5;-11.8203125
0;7600;PEARLS;10002;1;9995;27;;;10005;27;;;;;10003.5;84.0
0;7600;BANANAS;4894;27;;;;;4901;27;;;;;4897.5;-9.96875
0;7700;PEARLS;9996;1;9995;25;;;10002;5;10004;1;10005;25;9999.0;86.0
0;7700;BANANAS;4894;26;;;;;4899;5;4901;26;;;4896.5;-11.359375
0;7800;PEARLS;9995;23;;;;;10005;23;;;;;10000.0;86.0
0;7800;BANANAS;4894;23;;;;;4901;23;;;;;4897.5;-10.51953125
0;7900;PEARLS;9996;2;9995;22;;;10002;7;10004;2;10005;22;9999.0;86.0
0;7900;BANANAS;4895;24;;;;;4900;7;4901;2;4902;22;4897.5;-6.9921875
0;8000;PEARLS;10000;3;9996;2;9995;28;10004;2;10005;28;;;10002.0;86.0
0;8000;BANANAS;4901;1;4896;30;;;4902;30;;;;;4901.5;2.2421875
0;8100;PEARLS;9995;25;;;;;10005;25;;;;;10000.0;86.0
0;8100;BANANAS;4896;25;;;;;4902;25;;;;;4899.0;4.546875
0;8200;PEARLS;9996;2;9995;25;;;10004;2;10005;25;;;10000.0;86.0
0;8200;BANANAS;4899;4;4896;27;;;4903;27;;;;;4901.0;10.109375
0;8300;PEARLS;9998;9;9995;28;;;10005;28;;;;;10001.5;86.0
0;8300;BANANAS;4897;9;4896;28;;;4903;28;;;;;4900.0;8.318359375
0;8400;PEARLS;9998;5;9995;29;;;10005;29;;;;;10001.5;86.0
0;8400;BANANAS;4898;5;4897;29;;;4904;29;;;;;4901.0;-18.55078125
0;8500;PEARLS;9996;2;9995;25;;;10004;2;10005;25;;;10000.0;86.0
0;8500;BANANAS;4901;3;4897;2;4896;25;4903;27;;;;;4902.0;-26.3671875
0;8600;PEARLS;9996;2;9995;27;;;10004;2;10005;27;;;10000.0;86.0
0;8600;BANANAS;4896;29;;;;;4903;29;;;;;4899.5;-16.66796875
0;8700;PEARLS;9996;2;9995;22;;;10004;2;10005;22;;;10000.0;86.0
0;8700;BANANAS;4901;1;4896;24;;;4903;24;;;;;4902.0;-18.65625
0;8800;PEARLS;9996;1;9995;30;;;10004;1;10005;30;;;10000.0;86.0
0;8800;BANANAS;4896;31;;;;;4902;1;4903;30;;;4899.0;-13.3046875
0;8900;PEARLS;9995;26;;;;;10005;26;;;;;10000.0;86.0
0;8900;BANANAS;4896;26;;;;;4903;26;;;;;4899.5;-12.328125
0;9000;PEARLS;9995;23;;;;;10005;23;;;;;10000.0;86.0
0;9000;BANANAS;4895;23;;;;;4902;23;;;;;4898.5;-8.46875
0;9100;PEARLS;9995;22;;;;;9998;1;10005;22;;;9996.5;86.0
0;9100;BANANAS;4896;22;;;;;4897;5;4903;22;;;4896.5;-16.23828125
0;9200;PEARLS;9996;2;9995;25;;;10004;2;10005;25;;;10000.0;88.0
0;9200;BANANAS;4896;27;;;;;4903;27;;;;;4899.5;-4.3671875
0;9300;PEARLS;10002;11;9998;1;9996;1;10004;1;10005;29;;;10003.0;88.0
0;9300;BANANAS;4896;2;4895;29;;;4902;30;;;;;4899.0;0.046875
0;9400;PEARLS;10002;1;9996;2;9995;28;10004;2;10005;28;;;10003.0;110.0
0;9400;BANANAS;4895;30;;;;;4902;30;;;;;4898.5;2.3203125
0;9500;PEARLS;10002;1;9996;2;9995;24;10004;2;10005;24;;;10003.0;112.0
0;9500;BANANAS;4896;26;;;;;4902;2;4903;24;;;4899.0;-2.015625
0;9600;PEARLS;9996;1;9995;20;;;10002;6;10004;1;10005;20;9999.0;114.0
0;9600;BANANAS;4896;21;;;;;4900;6;4902;21;;;4898.0;-1.1796875
0;9700;BANANAS;4896;31;;;;;4902;1;4903;30;;;4899.0;-2.37109375
0;9700;PEARLS;9996;1;9995;30;;;10000;4;10004;1;10005;30;9998.0;114.0
0;9800;PEARLS;9998;1;9996;2;9995;24;10004;2;10005;24;;;10001.0;114.0
0;9800;BANANAS;4896;1;4895;26;;;4902;26;;;;;4899.0;1.44921875
0;9900;BANANAS;4895;24;;;;;4896;9;4902;24;;;4895.5;0.80078125
0;9900;PEARLS;9995;24;;;;;10005;24;;;;;10000.0;114.0
0;10000;PEARLS;9995;27;;;;;10005;27;;;;;10000.0;114.0
0;10000;BANANAS;4895;27;;;;;4902;27;;;;;4898.5;25.5634765625
0;10100;BANANAS;4895;21;;;;;4902;21;;;;;4898.5;25.654296875
0;10100;PEARLS;10002;4;9996;1;9995;20;10004;1;10005;20;;;10003.0;114.0
0;10200;PEARLS;9995;20;;;;;10005;20;;;;;10000.0;122.0
0;10200;BANANAS;4895;20;;;;;4902;20;;;;;4898.5;25.22216796875
0;10300;BANANAS;4895;25;;;;;4901;1;4902;24;;;4898.0;25.26171875
0;10300;PEARLS;9996;1;9995;24;;;10004;1;10005;24;;;10000.0;122.0
0;10400;PEARLS;9995;25;;;;;10005;25;;;;;10000.0;122.0
0;10400;BANANAS;4895;25;;;;;4902;25;;;;;4898.5;25.46923828125
0;10500;BANANAS;4895;26;;;;;4901;26;;;;;4898.0;25.02392578125
0;10500;PEARLS;9995;26;;;;;10005;26;;;;;10000.0;122.0
0;10600;PEARLS;9995;20;;;;;10005;20;;;;;10000.0;122.0
0;10600;BANANAS;4895;20;;;;;4902;20;;;;;4898.5;25.36474609375
0;10700;BANANAS;4895;24;;;;;4902;24;;;;;4898.5;25.2138671875
0;10700;PEARLS;9995;24;;;;;9998;3;10005;24;;;9996.5;122.0
0;10800;PEARLS;9995;23;;;;;10002;1;10005;23;;;9998.5;128.0
0;10800;BANANAS;4895;23;;;;;4900;1;4902;23;;;4897.5;25.29833984375
0;10900;BANANAS;4895;1;4894;22;;;4901;23;;;;;4898.0;24.76220703125
0;10900;PEARLS;9996;1;9995;22;;;10000;6;10004;1;10005;22;9998.0;126.0
0;11000;PEARLS;9996;1;9995;26;;;10004;1;10005;26;;;10000.0;126.0
0;11000;BANANAS;4894;27;;;;;4895;9;4900;1;4901;26;4894.5;24.19384765625
0;11100;BANANAS;4894;31;;;;;4899;1;4900;1;4901;30;4896.5;42.9453125
0;11100;PEARLS;9996;1;9995;30;;;10002;1;10004;1;10005;30;9999.0;126.0
0;11200;PEARLS;9996;2;9995;28;;;10004;2;10005;28;;;10000.0;124.0
0;11200;BANANAS;4894;30;;;;;4901;30;;;;;4897.5;46.78515625
0;11300;PEARLS;9996;2;9995;25;;;10002;2;10004;2;10005;25;9999.0;124.0
0;11300;BANANAS;4894;27;;;;;4899;2;4900;2;4901;25;4896.5;42.72265625
0;11400;PEARLS;9995;30;;;;;10005;30;;;;;10000.0;120.0
0;11400;BANANAS;4894;30;;;;;4901;30;;;;;4897.5;44.1484375
0;11500;PEARLS;9996;1;9995;28;;;10004;1;10005;28;;;10000.0;120.0
0;11500;BANANAS;4894;1;4893;28;;;4900;29;;;;;4897.0;39.03125
0;11600;PEARLS;9996;2;9995;22;;;10004;2;10005;22;;;10000.0;120.0
0;11600;BANANAS;4893;2;4892;22;;;4899;24;;;;;4896.0;31.22265625
0;11700;PEARLS;10000;4;9996;2;9995;20;10004;2;10005;20;;;10002.0;120.0
0;11700;BANANAS;4893;22;;;;;4899;2;4900;20;;;4896.0;33.9140625
0;11800;PEARLS;9998;10;9996;1;9995;21;10004;1;10005;21;;;10001.0;120.0
0;11800;BANANAS;4894;10;4893;22;;;4900;22;;;;;4897.0;36.3125
0;11900;PEARLS;10002;1;10000;4;9998;1;10004;1;10005;22;;;10003.0;120.0
0;11900;BANANAS;4894;1;4893;23;;;4900;23;;;;;4897.0;37.234375
0;12000;PEARLS;9996;1;9995;27;;;10004;1;10005;27;;;10000.0;120.0
0;12000;BANANAS;4893;28;;;;;4900;28;;;;;4896.5;36.84765625
0;12100;PEARLS;9996;2;9995;23;;;9998;8;10004;2;10005;23;9997.0;120.0
0;12100;BANANAS;4894;2;4893;23;;;4900;25;;;;;4897.0;39.89453125
0;12200;PEARLS;9996;2;9995;23;;;10004;2;10005;23;;;10000.0;136.0
0;12200;BANANAS;4894;2;4893;23;;;4900;25;;;;;4897.0;39.5703125
0;12300;PEARLS;9996;1;9995;24;;;10002;3;10004;1;10005;24;9999.0;136.0
0;12300;BANANAS;4893;25;;;;;4898;3;4900;25;;;4895.5;37.66015625
0;12400;PEARLS;10002;1;9998;5;9995;29;10005;29;;;;;10003.5;136.0
0;12400;BANANAS;4894;5;4893;29;;;4900;29;;;;;4897.0;34.890625
0;12500;PEARLS;10000;3;9996;1;9995;22;10004;1;10005;22;;;10002.0;138.0
0;12500;BANANAS;4892;23;;;;;4899;23;;;;;4895.5;25.51171875
0;12600;PEARLS;10000;4;9995;26;;;10005;26;;;;;10002.5;138.0
0;12600;BANANAS;4892;26;;;;;4899;26;;;;;4895.5;24.6796875
0;12700;PEARLS;10002;1;9996;1;9995;27;10004;1;10005;27;;;10003.0;138.0
0;12700;BANANAS;4892;28;;;;;4897;1;4899;28;;;4894.5;26.61328125
0;12800;PEARLS;10000;4;9996;2;9995;28;10002;9;10004;2;10005;28;10001.0;140.0
0;12800;BANANAS;4892;30;;;;;4896;9;4898;30;;;4894.0;19.34375
0;12900;PEARLS;9996;2;9995;21;;;10002;4;10004;2;10005;21;9999.0;140.0
0;12900;BANANAS;4892;23;;;;;4897;4;4898;2;4899;21;4894.5;12.953125
0;13000;PEARLS;9996;2;9995;30;;;10002;2;10004;2;10005;30;9999.0;140.0
0;13000;BANANAS;4892;32;;;;;4897;2;4899;32;;;4894.5;22.84375
0;13100;PEARLS;9995;21;;;;;10000;2;10005;21;;;9997.5;140.0
0;13100;BANANAS;4892;21;;;;;4899;21;;;;;4895.5;20.34375
0;13200;PEARLS;9998;9;9996;2;9995;29;10004;2;10005;29;;;10001.0;140.0
0;13200;BANANAS;4897;1;4893;9;4892;31;4899;31;;;;;4898.0;19.1640625
0;13300;PEARLS;10002;2;9996;1;9995;22;10004;1;10005;22;;;10003.0;140.0
0;13300;BANANAS;4893;1;4892;22;;;4899;23;;;;;4896.0;28.203125
0;13400;PEARLS;9995;26;;;;;10005;26;;;;;10000.0;144.0
0;13400;BANANAS;4893;26;;;;;4900;26;;;;;4896.5;40.671875
0;13500;PEARLS;9996;1;9995;24;;;10004;1;10005;24;;;10000.0;144.0
0;13500;BANANAS;4897;5;4893;25;;;4900;25;;;;;4898.5;40.8046875
0;13600;PEARLS;9996;2;9995;24;;;10002;6;10004;2;10005;24;9999.0;144.0
0;13600;BANANAS;4893;26;;;;;4898;6;4899;2;4900;24;4895.5;33.1484375
0;13700;PEARLS;10002;1;9995;28;;;10005;28;;;;;10003.5;144.0
0;13700;BANANAS;4897;2;4893;28;;;4899;28;;;;;4898.0;31.125
0;13800;PEARLS;9998;1;9995;23;;;10005;23;;;;;10001.5;146.0
0;13800;BANANAS;4894;1;4893;23;;;4900;23;;;;;4897.0;32.5
0;13900;PEARLS;9996;1;9995;20;;;10004;1;10005;20;;;10000.0;146.0
0;13900;BANANAS;4893;21;;;;;4900;21;;;;;4896.5;38.953125
0;14000;PEARLS;10002;6;9998;1;9996;1;10004;1;10005;28;;;10003.0;146.0
0;14000;BANANAS;4894;30;;;;;4900;29;;;;;4897.0;50.1015625
0;14100;PEARLS;9996;2;9995;20;;;10002;4;10004;2;10005;20;9999.0;158.0
0;14100;BANANAS;4894;2;4893;20;;;4898;4;4900;22;;;4896.0;47.2890625
0;14200;PEARLS;9995;21;;;;;10005;21;;;;;10000.0;158.0
0;14200;BANANAS;4893;21;;;;;4900;21;;;;;4896.5;48.6953125
0;14300;BANANAS;4898;2;4894;22;;;4900;22;;;;;4899.0;51.40625
0;14300;PEARLS;9996;1;9995;21;;;10004;1;10005;21;;;10000.0;158.0
0;14400;BANANAS;4894;22;;;;;4901;23;;;;;4897.5;60.875
0;14400;PEARLS;10002;4;9996;2;9995;21;10004;2;10005;21;;;10003.0;158.0
0;14500;PEARLS;9996;1;9995;28;;;10002;10;10004;1;10005;28;9999.0;166.0
0;14500;BANANAS;4893;29;;;;;4898;10;4900;29;;;4895.5;45.25
0;14600;PEARLS;9996;1;9995;27;;;10004;1;10005;27;;;10000.0;166.0
0;14600;BANANAS;4893;28;;;;;4894;11;4900;28;;;4893.5;44.8359375
0;14700;BANANAS;4893;24;;;;;4900;24;;;;;4896.5;42.4296875
0;14700;PEARLS;9996;1;9995;23;;;10004;1;10005;23;;;10000.0;166.0
0;14800;BANANAS;4894;1;4893;30;;;4896;4;4900;31;;;4895.0;48.890625
0;14800;PEARLS;9996;1;9995;30;;;9998;1;10004;1;10005;30;9997.0;166.0
0;14900;PEARLS;9996;1;9995;25;;;10002;1;10004;1;10005;25;9999.0;168.0
0;14900;BANANAS;4893;26;;;;;4898;1;4900;26;;;4895.5;43.9140625
0;15000;PEARLS;9996;2;9995;25;;;10004;2;10005;25;;;10000.0;168.0
0;15000;BANANAS;4893;27;;;;;4894;1;4900;27;;;4893.5;46.9609375
0;15100;BANANAS;4894;21;;;;;4900;1;4901;20;;;4897.0;59.921875
0;15100;PEARLS;9996;1;9995;20;;;9998;1;10004;1;10005;20;9997.0;168.0
0;15200;BANANAS;4894;2;4893;21;;;4898;1;4900;23;;;4896.0;53.9140625
0;15200;PEARLS;10000;4;9996;2;9995;21;10002;4;10004;2;10005;21;10001.0;170.0
0;15300;PEARLS;9996;2;9995;22;;;10002;7;10004;2;10005;22;9999.0;170.0
0;15300;BANANAS;4893;24;;;;;4898;7;4900;24;;;4895.5;45.0703125
0;15400;PEARLS;9995;30;;;;;10005;30;;;;;10000.0;170.0
0;15400;BANANAS;4893;30;;;;;4899;30;;;;;4896.0;36.21875
0;15500;BANANAS;4892;25;;;;;4899;25;;;;;4895.5;35.2265625
0;15500;PEARLS;9995;25;;;;;9998;11;10005;25;;;9996.5;170.0
0;15600;BANANAS;4892;23;;;;;4899;23;;;;;4895.5;25.640625
0;15600;PEARLS;9996;1;9995;22;;;10004;1;10005;22;;;10000.0;170.0
0;15700;PEARLS;9996;2;9995;28;;;10004;2;10005;28;;;10000.0;170.0
0;15700;BANANAS;4892;30;;;;;4899;30;;;;;4895.5;30.4140625
0;15800;PEARLS;9998;6;9996;2;9995;26;10004;2;10005;26;;;10001.0;170.0
0;15800;BANANAS;4893;6;4892;28;;;4899;28;;;;;4896.0;28.3046875
0;15900;PEARLS;9996;1;9995;20;;;10002;8;10004;1;10005;20;9999.0;158.0
0;15900;BANANAS;4892;21;;;;;4897;8;4899;21;;;4894.5;30.375
0;16000;PEARLS;9996;2;9995;20;;;10004;2;10005;20;;;10000.0;158.0
0;16000;BANANAS;4892;22;;;;;4893;7;4899;22;;;4892.5;29.53125
0;16100;PEARLS;9996;1;9995;26;;;10004;1;10005;26;;;10000.0;158.0
0;16100;BANANAS;4893;27;;;;;4899;1;4900;26;;;4896.0;40.4765625
0;16200;PEARLS;9995;27;;;;;10002;4;10005;27;;;9998.5;158.0
0;16200;BANANAS;4893;27;;;;;4894;1;4898;7;4900;27;4893.5;48.3359375
0;16300;PEARLS;9996;1;9995;21;;;10004;1;10005;21;;;10000.0;158.0
0;16300;BANANAS;4893;1;4892;21;;;4899;22;;;;;4896.0;35.6015625
0;16400;PEARLS;9996;2;9995;25;;;10002;6;10004;2;10005;25;9999.0;158.0
0;16400;BANANAS;4893;27;;;;;4898;6;4899;2;4900;25;4895.5;44.2421875
0;16500;PEARLS;9995;22;;;;;10005;22;;;;;10000.0;158.0
0;16500;BANANAS;4893;22;;;;;4900;22;;;;;4896.5;45.7265625
0;16600;PEARLS;9995;26;;;;;10005;26;;;;;10000.0;158.0
0;16600;BANANAS;4893;26;;;;;4900;26;;;;;4896.5;41.0625
0;16700;PEARLS;10002;1;9998;2;9995;25;10005;25;;;;;10003.5;158.0
0;16700;BANANAS;4894;2;4893;25;;;4900;25;;;;;4897.0;47.21875
0;16800;PEARLS;10000;2;9996;2;9995;25;10004;2;10005;25;;;10002.0;160.0
0;16800;BANANAS;4893;27;;;;;4900;27;;;;;4896.5;52.2890625
0;16900;PEARLS;9996;2;9995;22;;;10004;2;10005;22;;;10000.0;160.0
0;16900;BANANAS;4894;2;4893;22;;;4900;24;;;;;4897.0;55.390625
0;17000;PEARLS;9996;1;9995;25;;;10004;1;10005;25;;;10000.0;160.0
0;17000;BANANAS;4894;1;4893;25;;;4900;26;;;;;4897.0;54.484375
0;17100;PEARLS;9996;1;9995;26;;;10004;1;10005;26;;;10000.0;160.0
0;17100;BANANAS;4894;1;4893;26;;;4900;27;;;;;4897.0;50.875
0;17200;PEARLS;9996;1;9995;27;;;10004;1;10005;27;;;10000.0;160.0
0;17200;BANANAS;4893;28;;;;;4900;28;;;;;4896.5;45.65625
0;17300;PEARLS;9996;1;9995;27;;;10004;1;10005;27;;;10000.0;160.0
0;17300;BANANAS;4894;28;;;;;4900;28;;;;;4897.0;52.421875
0;17400;PEARLS;9995;25;;;;;9998;11;10005;25;;;9996.5;160.0
0;17400;BANANAS;4893;25;;;;;4900;25;;;;;4896.5;-25.82421875
0;17500;PEARLS;9996;2;9995;26;;;10004;2;10005;26;;;10000.0;160.0
0;17500;BANANAS;4894;28;;;;;4900;2;4901;26;;;4897.0;-32.84375
0;17600;PEARLS;9996;1;9995;29;;;10004;1;10005;29;;;10000.0;160.0
0;17600;BANANAS;4895;1;4894;29;;;4901;30;;;;;4898.0;-38.734375
0;17700;PEARLS;9998;2;9995;22;;;10005;22;;;;;10001.5;160.0
0;17700;BANANAS;4895;2;4894;22;;;4901;22;;;;;4898.0;-40.33203125
0;17800;PEARLS;9996;2;9995;30;;;9998;3;10002;5;10004;2;9997.0;156.0
0;17800;BANANAS;4894;32;;;;;4899;5;4901;32;;;4896.5;-45.48828125
0;17900;PEARLS;9995;21;;;;;9998;1;10002;3;10005;21;9996.5;162.0
0;17900;BANANAS;4894;21;;;;;4899;2;4901;21;;;4896.5;-47.1640625
0;18000;PEARLS;9995;24;;;;;10005;24;;;;;10000.0;164.0
0;18000;BANANAS;4895;24;;;;;4901;24;;;;;4898.0;-50.546875
0;18100;PEARLS;9996;2;9995;28;;;10004;2;10005;28;;;10000.0;164.0
0;18100;BANANAS;4895;30;;;;;4901;2;4902;28;;;4898.0;-51.4296875
0;18200;PEARLS;9996;2;9995;23;;;10002;10;10004;2;10005;23;9999.0;164.0
0;18200;BANANAS;4895;2;4894;23;;;4899;10;4901;25;;;4897.0;-48.5390625
0;18300;PEARLS;9995;20;;;;;10005;20;;;;;10000.0;164.0
0;18300;BANANAS;4894;20;;;;;4901;20;;;;;4897.5;-43.21484375
0;18400;PEARLS;9996;1;9995;21;;;10004;1;10005;21;;;10000.0;164.0
0;18400;BANANAS;4899;1;4894;22;;;4900;1;4901;21;;;4899.5;-40.94140625
0;18500;PEARLS;9996;2;9995;21;;;10004;2;10005;21;;;10000.0;164.0
0;18500;BANANAS;4899;1;4894;2;4893;21;4900;23;;;;;4899.5;-32.8046875
0;18600;PEARLS;9996;1;9995;21;;;10004;1;10005;21;;;10000.0;164.0
0;18600;BANANAS;4894;1;4893;21;;;4900;22;;;;;4897.0;-31.796875
0;18700;BANANAS;4894;30;;;;;4901;30;;;;;4897.5;-35.296875
0;18700;PEARLS;10002;1;9995;30;;;10005;30;;;;;10003.5;164.0
0;18800;PEARLS;9995;24;;;;;10002;7;10005;24;;;9998.5;166.0
0;18800;BANANAS;4895;24;;;;;4899;7;4901;24;;;4897.0;-47.609375
0;18900;BANANAS;4899;8;4894;25;;;4901;25;;;;;4900.0;-43.3515625
0;18900;PEARLS;10002;1;9995;25;;;10005;25;;;;;10003.5;166.0
0;19000;PEARLS;9996;1;9995;30;;;10004;1;10005;30;;;10000.0;168.0
0;19000;BANANAS;4894;31;;;;;4901;31;;;;;4897.5;-38.40625
0;19100;BANANAS;4894;23;;;;;4900;2;4901;21;;;4897.0;-37.5625
0;19100;PEARLS;9996;2;9995;21;;;10004;2;10005;21;;;10000.0;168.0
0;19200;PEARLS;9995;26;;;;;10002;1;10005;26;;;9998.5;168.0
0;19200;BANANAS;4894;26;;;;;4899;1;4901;26;;;4896.5;-35.5
0;19300;BANANAS;4894;4;4893;23;;;4900;25;;;;;4897.0;-31.1015625
0;19300;PEARLS;9996;2;9995;23;;;9998;6;10004;2;10005;23;9997.0;168.0
0;19400;PEARLS;9996;2;9995;24;;;10002;5;10004;2;10005;24;9999.0;180.0
0;19400;BANANAS;4894;26;;;;;4899;5;4900;2;4901;24;4896.5;-35.4296875
0;19500;BANANAS;4894;23;;;;;4901;23;;;;;4897.5;-36.828125
0;19500;PEARLS;9995;23;;;;;10005;23;;;;;10000.0;180.0
0;19600;PEARLS;10002;1;9998;5;9996;1;10004;1;10005;26;;;10003.0;180.0
0;19600;BANANAS;4894;27;;;;;4895;4;4900;1;4901;26;4894.5;-35.984375
0;19700;BANANAS;4894;2;4893;29;;;4900;31;;;;;4897.0;-22.1875
0;19700;PEARLS;9996;2;9995;29;;;10004;2;10005;29;;;10000.0;182.0
0;19800;PEARLS;9996;2;9995;26;;;10004;2;10005;26;;;10000.0;182.0
0;19800;BANANAS;4893;28;;;;;4899;2;4900;26;;;4896.0;-17.0625
0;19900;BANANAS;4893;23;;;;;4899;1;4900;22;;;4896.0;-17.08984375
0;19900;PEARLS;9996;1;9995;22;;;9998;1;10004;1;10005;22;9997.0;182.0
0;20000;PEARLS;9995;26;;;;;9998;1;10005;26;;;9996.5;184.0
0;20000;BANANAS;4893;26;;;;;4894;12;4900;26;;;4893.5;-16.1171875
0;20100;PEARLS;9996;1;9995;29;;;9998;4;10004;1;10005;29;9997.0;186.0
0;20100;BANANAS;4893;1;4892;29;;;4899;30;;;;;4896.0;9.7138671875
0;20200;PEARLS;10002;1;9995;20;;;10005;20;;;;;10003.5;194.0
0;20200;BANANAS;4893;20;;;;;4900;20;;;;;4896.5;10.0869140625
0;20300;PEARLS;10002;4;9995;24;;;10005;24;;;;;10003.5;196.0
0;20300;BANANAS;4893;24;;;;;4899;24;;;;;4896.0;9.9560546875
0;20400;PEARLS;10002;2;9996;1;9995;27;10004;1;10005;27;;;10003.0;204.0
0;20400;BANANAS;4893;1;4892;27;;;4899;28;;;;;4896.0;9.91064453125
0;20500;PEARLS;9998;7;9996;1;9995;25;10004;1;10005;25;;;10001.0;208.0
0;20500;BANANAS;4893;8;4892;25;;;4899;26;;;;;4896.0;9.9296875
0;20600;PEARLS;9996;1;9995;24;;;9998;4;10002;5;10004;1;9997.0;208.0
0;20600;BANANAS;4892;25;;;;;4897;5;4899;25;;;4894.5;9.40966796875
0;20700;PEARLS;9995;30;;;;;10005;30;;;;;10000.0;216.0
0;20700;BANANAS;4892;30;;;;;4899;30;;;;;4895.5;9.1962890625
0;20800;PEARLS;9996;2;9995;24;;;10004;2;10005;24;;;10000.0;216.0
0;20800;BANANAS;4891;26;;;;;4898;26;;;;;4894.5;8.3359375
0;20900;PEARLS;9996;2;9995;29;;;10004;2;10005;29;;;10000.0;216.0
0;20900;BANANAS;4891;31;;;;;4892;1;4898;31;;;4891.5;8.603515625
0;21000;PEARLS;9996;1;9995;25;;;10004;1;10005;25;;;10000.0;216.0
0;21000;BANANAS;4891;26;;;;;4892;13;4894;5;4897;1;4891.5;10.59375
0;21100;PEARLS;9995;28;;;;;10000;2;10005;28;;;9997.5;216.0
0;21100;BANANAS;4890;28;;;;;4897;28;;;;;4893.5;33.9375
0;21200;PEARLS;9995;29;;;;;9998;1;10005;29;;;9996.5;216.0
0;21200;BANANAS;4896;1;4890;29;;;4897;29;;;;;4896.5;30.4140625
0;21300;PEARLS;9995;22;;;;;10005;22;;;;;10000.0;218.0
0;21300;BANANAS;4891;22;;;;;4897;22;;;;;4894.0;38.78125
0;21400;PEARLS;9996;1;9995;29;;;10004;1;10005;29;;;10000.0;218.0
0;21400;BANANAS;4891;30;;;;;4897;1;4898;29;;;4894.0;41.078125
0;21500;PEARLS;9996;2;9995;28;;;10004;2;10005;28;;;10000.0;218.0
0;21500;BANANAS;4892;2;4891;28;;;4898;30;;;;;4895.0;49.0703125
0;21600;PEARLS;9998;5;9996;2;9995;20;10004;2;10005;20;;;10001.0;218.0
0;21600;BANANAS;4896;1;4893;5;4892;22;4899;22;;;;;4897.5;56.515625
0;21700;PEARLS;9996;2;9995;25;;;10004;2;10005;25;;;10000.0;218.0
0;21700;BANANAS;4892;27;;;;;4899;27;;;;;4895.5;58.57421875
0;21800;PEARLS;9996;1;9995;25;;;10004;1;10005;25;;;10000.0;218.0
0;21800;BANANAS;4893;1;4892;25;;;4899;26;;;;;4896.0;63.21875
0;21900;PEARLS;9995;27;;;;;10002;3;10005;27;;;9998.5;218.0
0;21900;BANANAS;4892;27;;;;;4897;3;4899;27;;;4894.5;62.69921875
0;22000;PEARLS;9996;2;9995;20;;;10004;2;10005;20;;;10000.0;218.0
0;22000;BANANAS;4892;2;4891;20;;;4898;22;;;;;4895.0;51.1640625
0;22100;PEARLS;9995;22;;;;;10005;22;;;;;10000.0;218.0
0;22100;BANANAS;4897;1;4892;22;;;4899;22;;;;;4898.0;54.09375
0;22200;PEARLS;10002;1;9995;23;;;10005;23;;;;;10003.5;218.0
0;22200;BANANAS;4892;23;;;;;4899;23;;;;;4895.5;57.12109375
0;22300;PEARLS;9996;2;9995;28;;;10004;2;10005;28;;;10000.0;220.0
0;22300;BANANAS;4892;30;;;;;4898;30;;;;;4895.0;55.7265625
0;22400;PEARLS;9996;1;9995;23;;;10002;2;10004;1;10005;23;9999.0;220.0
0;22400;BANANAS;4891;24;;;;;4896;3;4898;24;;;4893.5;50.46875
0;22500;PEARLS;9998;2;9995;27;;;10005;27;;;;;10001.5;220.0
0;22500;BANANAS;4897;1;4892;2;4891;27;4898;27;;;;;4897.5;47.515625
0;22600;PEARLS;9998;5;9996;1;9995;25;10004;1;10005;25;;;10001.0;220.0
0;22600;BANANAS;4896;1;4892;5;4891;26;4897;1;4898;25;;;4896.5;44.0625
0;22700;PEARLS;9996;1;9995;25;;;10002;9;10004;1;10005;25;9999.0;220.0
0;22700;BANANAS;4891;26;;;;;4896;9;4898;26;;;4893.5;47.9453125
0;22800;PEARLS;10002;1;9996;1;9995;26;10004;1;10005;26;;;10003.0;220.0
0;22800;BANANAS;4892;1;4891;26;;;4898;27;;;;;4895.0;51.609375
0;22900;PEARLS;10002;2;9996;1;9995;22;10004;1;10005;22;;;10003.0;222.0
0;22900;BANANAS;4891;22;;;;;4898;23;;;;;4894.5;50.765625
0;23000;BANANAS;4891;21;;;;;4896;2;4897;1;4898;20;4893.5;42.640625
0;23000;PEARLS;9996;1;9995;20;;;10002;2;10004;1;10005;20;9999.0;226.0
0;23100;PEARLS;9996;2;9995;26;;;10004;2;10005;26;;;10000.0;226.0
0;23100;BANANAS;4891;28;;;;;4897;2;4898;26;;;4894.0;39.3203125
0;23200;PEARLS;9996;1;9995;24;;;10002;4;10004;1;10005;24;9999.0;226.0
0;23200;BANANAS;4891;24;;;;;4896;4;4897;1;4898;24;4893.5;38.296875
0;23300;BANANAS;4891;23;;;;;4893;4;4897;23;;;4892.0;35.8984375
0;23300;PEARLS;9996;2;9995;21;;;10004;2;10005;21;;;10000.0;226.0
0;23400;BANANAS;4891;30;;;;;4898;30;;;;;4894.5;46.75
0;23400;PEARLS;9996;1;9995;29;;;10004;1;10005;29;;;10000.0;226.0
0;23500;PEARLS;9996;1;9995;30;;;10004;1;10005;30;;;10000.0;226.0
0;23500;BANANAS;4896;1;4891;31;;;4898;31;;;;;4897.0;51.09375
0;23600;PEARLS;9996;2;9995;25;;;10004;2;10005;25;;;10000.0;226.0
0;23600;BANANAS;4890;27;;;;;4891;1;4897;27;;;4890.5;34.6953125
0;23700;BANANAS;4896;1;4891;1;4890;20;4897;21;;;;;4896.5;42.921875
0;23700;PEARLS;9996;1;9995;20;;;10004;1;10005;20;;;10000.0;226.0
0;23800;BANANAS;4891;22;;;;;4898;22;;;;;4894.5;52.1484375
0;23800;PEARLS;9995;22;;;;;10005;22;;;;;10000.0;226.0
0;23900;PEARLS;9995;27;;;;;10005;27;;;;;10000.0;226.0
0;23900;BANANAS;4891;27;;;;;4897;27;;;;;4894.0;46.625
0;24000;PEARLS;9995;29;;;;;10005;29;;;;;10000.0;226.0
0;24000;BANANAS;4890;29;;;;;4897;29;;;;;4893.5;45.7265625
0;24100;BANANAS;4890;22;;;;;4897;22;;;;;4893.5;39.21875
0;24100;PEARLS;9996;2;9995;20;;;10004;2;10005;20;;;10000.0;226.0
0;24200;BANANAS;4891;24;;;;;4895;7;4897;24;;;4893.0;47.53125
0;24200;PEARLS;9996;1;9995;23;;;10002;7;10004;1;10005;23;9999.0;226.0
0;24300;PEARLS;10002;1;9995;27;;;10005;27;;;;;10003.5;226.0
0;24300;BANANAS;4890;27;;;;;4891;1;4897;27;;;4890.5;41.671875
0;24400;PEARLS;9996;1;9995;28;;;10004;1;10005;28;;;10000.0;226.0
0;24400;BANANAS;4890;29;;;;;4897;29;;;;;4893.5;39.828125
0;24500;PEARLS;9996;2;9995;24;;;10002;10;10004;2;10005;24;9999.0;226.0
0;24500;BANANAS;4890;26;;;;;4895;10;4896;2;4897;24;4892.5;33.2421875
0;24600;PEARLS;9996;2;9995;22;;;10002;10;10004;2;10005;22;9999.0;226.0
0;24600;BANANAS;4890;24;;;;;4892;2;4894;10;4896;24;4891.0;29.265625
0;24700;PEARLS;9996;2;9995;20;;;10004;2;10005;20;;;10000.0;226.0
0;24700;BANANAS;4893;6;4890;22;;;4896;2;4897;20;;;4894.5;33.7109375
0;24800;PEARLS;9995;28;;;;;10005;28;;;;;10000.0;226.0
0;24800;BANANAS;4889;28;;;;;4892;1;4896;28;;;4890.5;23.875
0;24900;PEARLS;9998;7;9995;24;;;10005;24;;;;;10001.5;226.0
0;24900;BANANAS;4890;7;4889;24;;;4896;24;;;;;4893.0;26.421875
0;25000;PEARLS;10002;1;9996;1;9995;27;10004;1;10005;27;;;10003.0;226.0
0;25000;BANANAS;4889;28;;;;;4896;28;;;;;4892.5;25.203125
0;25100;PEARLS;9998;8;9996;1;9995;26;10004;1;10005;26;;;10001.0;226.0
0;25100;BANANAS;4894;1;4890;9;4889;27;4896;27;;;;;4895.0;25.203125
0;25200;PEARLS;9996;2;9995;24;;;10000;4;10004;2;10005;24;9998.0;226.0
0;25200;BANANAS;4890;26;;;;;4896;26;;;;;4893.0;32.2578125
0;25300;PEARLS;9998;9;9996;1;9995;21;10004;1;10005;21;;;10001.0;226.0
0;25300;BANANAS;4890;10;4889;21;;;4896;22;;;;;4893.0;28.3515625
0;25400;PEARLS;10002;3;9996;2;9995;27;10004;2;10005;27;;;10003.0;226.0
0;25400;BANANAS;4889;29;;;;;4896;29;;;;;4892.5;23.171875
0;25500;PEARLS;9996;1;9995;23;;;10004;1;10005;23;;;10000.0;232.0
0;25500;BANANAS;4889;24;;;;;4896;24;;;;;4892.5;23.265625
0;25600;PEARLS;9995;24;;;;;10005;24;;;;;10000.0;232.0
0;25600;BANANAS;4889;24;;;;;4895;24;;;;;4892.0;18.1484375
0;25700;PEARLS;9996;1;9995;24;;;10004;1;10005;24;;;10000.0;232.0
0;25700;BANANAS;4889;25;;;;;4895;1;4896;24;;;4892.0;19.796875
0;25800;PEARLS;10002;1;9996;2;9995;27;10004;2;10005;27;;;10003.0;232.0
0;25800;BANANAS;4889;29;;;;;4895;29;;;;;4892.0;18.6328125
0;25900;PEARLS;9996;2;9995;27;;;10004;2;10005;27;;;10000.0;234.0
0;25900;BANANAS;4888;29;;;;;4895;29;;;;;4891.5;13.2265625
0;26000;PEARLS;9995;27;;;;;10005;27;;;;;10000.0;234.0
0;26000;BANANAS;4894;1;4888;27;;;4895;27;;;;;4894.5;12.75
0;26100;PEARLS;10002;1;9998;3;9996;1;10004;1;10005;24;;;10003.0;234.0
0;26100;BANANAS;4894;1;4889;4;4888;24;4895;25;;;;;4894.5;16.66796875
0;26200;PEARLS;10002;1;9996;2;9995;27;10004;2;10005;27;;;10003.0;236.0
0;26200;BANANAS;4891;3;4888;29;;;4894;2;4895;27;;;4892.5;11.51171875
0;26300;PEARLS;9996;1;9995;25;;;10002;1;10004;1;10005;25;9999.0;238.0
0;26300;BANANAS;4888;26;;;;;4889;1;4893;5;4895;26;4888.5;16.0703125
0;26400;PEARLS;9995;27;;;;;10005;27;;;;;10000.0;238.0
0;26400;BANANAS;4888;27;;;;;4895;27;;;;;4891.5;13.515625
0;26500;PEARLS;9996;1;9995;21;;;10004;1;10005;21;;;10000.0;238.0
0;26500;BANANAS;4888;22;;;;;4895;22;;;;;4891.5;17.8828125
0;26600;PEARLS;9996;2;9995;29;;;9998;4;10004;2;10005;29;9997.0;238.0
0;26600;BANANAS;4888;31;;;;;4894;2;4895;29;;;4891.0;13.0859375
0;26700;PEARLS;9995;26;;;;;10005;26;;;;;10000.0;246.0
0;26700;BANANAS;4893;1;4888;26;;;4895;26;;;;;4894.0;12.97265625
0;26800;PEARLS;10002;1;9998;7;9995;20;10005;20;;;;;10003.5;246.0
0;26800;BANANAS;4889;7;4888;20;;;4895;20;;;;;4892.0;13.13671875
0;26900;PEARLS;9995;22;;;;;10005;22;;;;;10000.0;248.0
0;26900;BANANAS;4888;22;;;;;4895;22;;;;;4891.5;21.45703125
0;27000;PEARLS;9998;2;9996;1;9995;26;10004;1;10005;26;;;10001.0;248.0
0;27000;BANANAS;4890;2;4889;27;;;4892;5;4895;27;;;4891.0;25.62109375
0;27100;PEARLS;9996;2;9995;27;;;9998;1;10002;10;10004;2;9997.0;248.0
0;27100;BANANAS;4889;2;4888;27;;;4893;9;4895;29;;;4891.0;22.578125
0;27200;PEARLS;9998;3;9996;2;9995;23;10004;2;10005;23;;;10001.0;250.0
0;27200;BANANAS;4894;1;4890;3;4889;25;4895;25;;;;;4894.5;25.5625
0;27300;PEARLS;9995;25;;;;;10002;8;10005;25;;;9998.5;250.0
0;27300;BANANAS;4889;24;;;;;4893;8;4895;25;;;4891.0;27.0234375
0;27400;PEARLS;9996;1;9995;22;;;9998;3;10004;1;10005;22;9997.0;250.0
0;27400;BANANAS;4889;23;;;;;4895;23;;;;;4892.0;26.546875
0;27500;BANANAS;4888;30;;;;;4895;30;;;;;4891.5;21.5546875
0;27500;PEARLS;9995;30;;;;;10005;30;;;;;10000.0;256.0
0;27600;PEARLS;9996;2;9995;26;;;10002;4;10004;2;10005;26;9999.0;256.0
0;27600;BANANAS;4888;28;;;;;4893;3;4895;28;;;4890.5;21.3125
0;27700;BANANAS;4888;32;;;;;4895;32;;;;;4891.5;20.9375
0;27700;PEARLS;9996;2;9995;30;;;10004;2;10005;30;;;10000.0;256.0
0;27800;PEARLS;9998;2;9996;2;9995;20;10004;2;10005;20;;;10001.0;256.0
0;27800;BANANAS;4889;5;4888;22;;;4894;2;4895;20;;;4891.5;13.6328125
0;27900;BANANAS;4888;29;;;;;4895;29;;;;;4891.5;14.6953125
0;27900;PEARLS;9995;29;;;;;10005;29;;;;;10000.0;256.0
0;28000;PEARLS;9995;22;;;;;10005;22;;;;;10000.0;256.0
0;28000;BANANAS;4888;22;;;;;4894;22;;;;;4891.0;11.078125
0;28100;BANANAS;4888;21;;;;;4895;21;;;;;4891.5;18.671875
0;28100;PEARLS;9996;1;9995;20;;;10004;1;10005;20;;;10000.0;256.0
0;28200;PEARLS;9995;23;;;;;10005;23;;;;;10000.0;256.0
0;28200;BANANAS;4887;23;;;;;4890;1;4894;23;;;4888.5;5.984375
0;28300;BANANAS;4888;30;;;;;4894;30;;;;;4891.0;10.6484375
0;28300;PEARLS;9996;2;9995;28;;;10004;2;10005;28;;;10000.0;256.0
0;28400;PEARLS;9995;20;;;;;10002;8;10005;20;;;9998.5;256.0
0;28400;BANANAS;4887;20;;;;;4892;8;4894;20;;;4889.5;0.9375
0;28500;BANANAS;4887;30;;;;;4888;1;4894;30;;;4887.5;2.2109375
0;28500;PEARLS;9996;2;9995;28;;;10004;2;10005;28;;;10000.0;256.0
0;28600;PEARLS;9996;2;9995;26;;;10000;5;10002;5;10004;2;9998.0;256.0
0;28600;BANANAS;4887;28;;;;;4888;1;4892;5;4894;28;4887.5;4.3984375
0;28700;BANANAS;4888;7;4887;24;;;4893;2;4894;22;;;4890.5;-1.1171875
0;28700;PEARLS;9998;8;9996;2;9995;22;10004;2;10005;22;;;10001.0;256.0
0;28800;PEARLS;9995;21;;;;;10002;8;10005;21;;;9998.5;256.0
0;28800;BANANAS;4886;21;;;;;4891;8;4893;21;;;4888.5;-7.25
0;28900;BANANAS;4887;23;;;;;4892;5;4893;1;4894;22;4889.5;-0.78125
0;28900;PEARLS;9996;1;9995;22;;;10002;5;10004;1;10005;22;9999.0;256.0
0;29000;PEARLS;10002;1;9996;2;9995;24;10004;2;10005;24;;;10003.0;246.0
0;29000;BANANAS;4887;26;;;;;4893;2;4894;24;;;4890.0;2.0703125
0;29100;PEARLS;9995;23;;;;;10002;2;10005;23;;;9998.5;246.0
0;29100;BANANAS;4887;23;;;;;4892;2;4894;23;;;4889.5;2.4296875
0;29200;PEARLS;9996;1;9995;22;;;10004;1;10005;22;;;10000.0;242.0
0;29200;BANANAS;4887;23;;;;;4894;23;;;;;4890.5;8.4375
0;29300;PEARLS;9996;1;9995;22;;;10004;1;10005;22;;;10000.0;242.0
0;29300;BANANAS;4893;1;4888;1;4887;22;4894;23;;;;;4893.5;13.078125
0;29400;PEARLS;9996;2;9995;23;;;10002;4;10004;2;10005;23;9999.0;242.0
0;29400;BANANAS;4888;2;4887;23;;;4892;5;4894;25;;;4890.0;16.21875
0;29500;PEARLS;9998;6;9995;20;;;10005;20;;;;;10001.5;234.0
0;29500;BANANAS;4889;5;4888;20;;;4894;20;;;;;4891.5;18.9140625
0;29600;PEARLS;9996;1;9995;26;;;10000;4;10004;1;10005;26;9998.0;234.0
0;29600;BANANAS;4888;1;4887;26;;;4894;27;;;;;4891.0;6.3046875
0;29700;PEARLS;9996;1;9995;22;;;10002;7;10004;1;10005;22;9999.0;234.0
0;29700;BANANAS;4888;23;;;;;4892;7;4894;23;;;4890.0;8.1875
0;29800;PEARLS;9995;25;;;;;10005;25;;;;;10000.0;234.0
0;29800;BANANAS;4893;1;4887;25;;;4894;25;;;;;4893.5;3.9375
0;29900;PEARLS;9996;2;9995;30;;;10004;2;10005;30;;;10000.0;234.0
0;29900;BANANAS;4887;32;;;;;4894;32;;;;;4890.5;6.10546875
0;30000;PEARLS;9998;10;9996;2;9995;23;10004;2;10005;23;;;10001.0;234.0
0;30000;BANANAS;4888;10;4887;25;;;4894;25;;;;;4891.0;5.60546875
0;30100;PEARLS;9996;1;9995;20;;;10004;1;10005;20;;;10000.0;234.0
0;30100;BANANAS;4887;21;;;;;4894;21;;;;;4890.5;5.4921875
0;30200;PEARLS;9996;2;9995;28;;;9998;1;10002;8;10004;2;9997.0;234.0
0;30200;BANANAS;4887;30;;;;;4889;2;4892;8;4894;30;4888.0;5.34375
0;30300;PEARLS;10002;4;9996;2;9995;29;10004;2;10005;29;;;10003.0;236.0
0;30300;BANANAS;4888;2;4887;29;;;4894;31;;;;;4891.0;11.796875
0;30400;PEARLS;9995;30;;;;;10005;30;;;;;10000.0;236.0
0;30400;BANANAS;4887;30;;;;;4894;30;;;;;4890.5;12.09375
0;30500;PEARLS;9996;2;9995;28;;;10004;2;10005;28;;;10000.0;236.0
0;30500;BANANAS;4887;30;;;;;4893;2;4894;28;;;4890.0;4.625
0;30600;PEARLS;10002;1;9996;2;9995;30;10004;2;10005;30;;;10003.0;236.0
0;30600;BANANAS;4887;2;4886;30;;;4893;32;;;;;4890.0;-1.5703125
0;30700;PEARLS;9996;2;9995;27;;;10004;2;10005;27;;;10000.0;236.0
0;30700;BANANAS;4887;29;;;;;4893;29;;;;;4890.0;0.7578125
0;30800;PEARLS;9998;8;9996;2;9995;29;10004;2;10005;29;;;10001.0;236.0
0;30800;BANANAS;4888;8;4887;31;;;4893;31;;;;;4890.5;-0.109375
0;30900;PEARLS;9995;21;;;;;10005;21;;;;;10000.0;236.0
0;30900;BANANAS;4886;21;;;;;4893;21;;;;;4889.5;-2.53125
0;31000;PEARLS;9996;2;9995;26;;;10002;2;10004;2;10005;26;9999.0;236.0
0;31000;BANANAS;4887;28;;;;;4892;2;4893;2;4894;26;4889.5;1.3046875
0;31100;PEARLS;10002;1;9995;23;;;10005;23;;;;;10003.5;236.0
0;31100;BANANAS;4892;1;4887;23;;;4893;23;;;;;4892.5;0.53125
0;31200;PEARLS;9996;1;9995;21;;;10002;6;10004;1;10005;21;9999.0;238.0
0;31200;BANANAS;4886;21;;;;;4891;7;4893;22;;;4888.5;0.5859375
0;31300;PEARLS;9996;2;9995;20;;;10004;2;10005;20;;;10000.0;238.0
0;31300;BANANAS;4887;2;4886;20;;;4893;22;;;;;4890.0;0.765625
0;31400;PEARLS;9995;22;;;;;10005;22;;;;;10000.0;238.0
0;31400;BANANAS;4887;22;;;;;4892;3;4894;22;;;4889.5;6.4921875
0;31500;PEARLS;9996;1;9995;21;;;10004;1;10005;21;;;10000.0;238.0
0;31500;BANANAS;4887;22;;;;;4894;22;;;;;4890.5;10.828125
0;31600;PEARLS;9995;24;;;;;9998;3;10005;24;;;9996.5;238.0
0;31600;BANANAS;4888;24;;;;;4894;24;;;;;4891.0;16.84375
0;31700;PEARLS;9995;29;;;;;10002;3;10005;29;;;9998.5;238.0
0;31700;BANANAS;4887;29;;;;;4892;4;4894;29;;;4889.5;12.953125
0;31800;PEARLS;9996;2;9995;22;;;10002;2;10004;2;10005;22;9999.0;238.0
0;31800;BANANAS;4887;24;;;;;4892;2;4894;24;;;4889.5;10.9453125
0;31900;BANANAS;4888;2;4887;26;;;4894;28;;;;;4891.0;14.9609375
0;31900;PEARLS;9996;2;9995;26;;;10004;2;10005;26;;;10000.0;238.0
0;32000;BANANAS;4887;22;;;;;4891;10;4893;22;;;4889.0;1.7421875
0;32000;PEARLS;9996;2;9995;20;;;10002;10;10004;2;10005;20;9999.0;238.0
0;32100;PEARLS;9998;9;9995;25;;;10005;25;;;;;10001.5;238.0
0;32100;BANANAS;4888;9;4887;25;;;4894;25;;;;;4891.0;8.109375
0;32200;PEARLS;9996;1;9995;24;;;10002;5;10004;1;10005;24;9999.0;238.0
0;32200;BANANAS;4887;1;4886;24;;;4891;5;4893;25;;;4889.0;-1.09375
0;32300;BANANAS;4886;32;;;;;4892;2;4893;30;;;4889.0;-9.1640625
0;32300;PEARLS;10000;3;9996;2;9995;30;10004;2;10005;30;;;10002.0;238.0
0;32400;BANANAS;4886;2;4885;29;;;4892;29;;;;;4889.0;-16.1875
0;32400;PEARLS;9998;2;9995;29;;;10005;29;;;;;10001.5;238.0
0;32500;PEARLS;10002;1;9996;2;9995;24;10004;2;10005;24;;;10003.0;238.0
0;32500;BANANAS;4885;26;;;;;4892;26;;;;;4888.5;-21.0234375
0;32600;PEARLS;9998;1;9996;2;9995;26;10004;2;10005;26;;;10001.0;240.0
0;32600;BANANAS;4886;1;4885;28;;;4891;2;4892;26;;;4888.5;-23.03125
0;32700;BANANAS;4886;32;;;;;4892;32;;;;;4889.0;-12.625
0;32700;PEARLS;9996;2;9995;30;;;10004;2;10005;30;;;10000.0;240.0
0;32800;BANANAS;4885;29;;;;;4892;29;;;;;4888.5;-14.3671875
0;32800;PEARLS;9995;29;;;;;10005;29;;;;;10000.0;240.0
0;32900;PEARLS;9996;1;9995;20;;;10002;10;10004;1;10005;20;9999.0;240.0
0;32900;BANANAS;4886;1;4885;20;;;4890;10;4892;21;;;4888.0;-14.5234375
0;33000;PEARLS;9998;2;9995;28;;;10005;28;;;;;10001.5;240.0
0;33000;BANANAS;4886;2;4885;28;;;4892;28;;;;;4889.0;-16.765625
0;33100;BANANAS;4885;1;4884;25;;;4891;26;;;;;4888.0;-29.7421875
0;33100;PEARLS;9996;1;9995;25;;;10004;1;10005;25;;;10000.0;240.0
0;33200;BANANAS;4889;1;4884;24;;;4890;1;4891;23;;;4889.5;-36.03125
0;33200;PEARLS;9996;1;9995;23;;;10004;1;10005;23;;;10000.0;240.0
0;33300;PEARLS;9996;1;9995;30;;;10002;1;10004;1;10005;30;9999.0;240.0
0;33300;BANANAS;4885;31;;;;;4890;1;4891;1;4892;30;4887.5;-21.421875
0;33400;PEARLS;9995;20;;;;;10005;20;;;;;10000.0;240.0
0;33400;BANANAS;4885;20;;;;;4892;20;;;;;4888.5;-19.66015625
0;33500;PEARLS;9996;2;9995;21;;;10002;4;10004;2;10005;21;9999.0;240.0
0;33500;BANANAS;4886;2;4885;21;;;4890;4;4892;23;;;4888.0;-14.92578125
0;33600;PEARLS;9995;27;;;;;9998;2;10005;27;;;9996.5;240.0
0;33600;BANANAS;4884;27;;;;;4891;27;;;;;4887.5;-27.42578125
0;33700;PEARLS;9996;1;9995;25;;;10004;1;10005;25;;;10000.0;244.0
0;33700;BANANAS;4885;1;4884;25;;;4891;26;;;;;4888.0;-28.91015625
0;33800;PEARLS;9995;21;;;;;10002;4;10005;21;;;9998.5;244.0
0;33800;BANANAS;4884;21;;;;;4889;4;4891;21;;;4886.5;-29.93359375
0;33900;PEARLS;9996;1;9995;27;;;10004;1;10005;27;;;10000.0;244.0
0;33900;BANANAS;4884;28;;;;;4891;28;;;;;4887.5;-29.30859375
0;34000;PEARLS;9996;2;9995;28;;;10004;2;10005;28;;;10000.0;244.0
0;34000;BANANAS;4890;1;4885;2;4884;28;4891;30;;;;;4890.5;-27.5390625
0;34100;PEARLS;9996;2;9995;25;;;10004;2;10005;25;;;10000.0;244.0
0;34100;BANANAS;4885;2;4884;25;;;4891;27;;;;;4888.0;-24.9765625
0;34200;PEARLS;9996;2;9995;30;;;10002;2;10004;2;10005;30;9999.0;244.0
0;34200;BANANAS;4885;2;4884;30;;;4889;3;4891;32;;;4887.0;-24.5390625
0;34300;PEARLS;9996;1;9995;28;;;10004;1;10005;28;;;10000.0;244.0
0;34300;BANANAS;4884;28;;;;;4891;29;;;;;4887.5;-25.1875
0;34400;PEARLS;9996;2;9995;28;;;10004;2;10005;28;;;10000.0;244.0
0;34400;BANANAS;4884;30;;;;;4890;2;4891;28;;;4887.0;-32.4296875
0;34500;PEARLS;9996;2;9995;22;;;10004;2;10005;22;;;10000.0;244.0
0;34500;BANANAS;4884;24;;;;;4891;24;;;;;4887.5;-30.1484375
0;34600;PEARLS;9995;24;;;;;10005;24;;;;;10000.0;244.0
0;34600;BANANAS;4884;24;;;;;4891;24;;;;;4887.5;-30.546875
0;34700;PEARLS;9996;2;9995;23;;;10004;2;10005;23;;;10000.0;244.0
0;34700;BANANAS;4884;25;;;;;4891;25;;;;;4887.5;-26.8671875
0;34800;PEARLS;9998;3;9996;2;9995;22;10004;2;10005;22;;;10001.0;244.0
0;34800;BANANAS;4885;5;4884;22;;;4886;4;4891;24;;;4885.5;-25.3984375
0;34900;PEARLS;9995;24;;;;;10005;24;;;;;10000.0;244.0
0;34900;BANANAS;4884;24;;;;;4891;24;;;;;4887.5;-25.5
0;35000;PEARLS;9995;29;;;;;10005;29;;;;;10000.0;244.0
0;35000;BANANAS;4884;29;;;;;4891;29;;;;;4887.5;-18.015625
0;35100;PEARLS;9996;2;9995;21;;;10004;2;10005;21;;;10000.0;244.0
0;35100;BANANAS;4884;23;;;;;4890;23;;;;;4887.0;-30.8671875
0;35200;PEARLS;9995;24;;;;;10005;24;;;;;10000.0;244.0
0;35200;BANANAS;4886;2;4883;24;;;4890;24;;;;;4888.0;-37.4375
0;35300;PEARLS;9998;8;9996;1;9995;22;10004;1;10005;22;;;10001.0;244.0
0;35300;BANANAS;4884;8;4883;23;;;4890;23;;;;;4887.0;-36.296875
0;35400;PEARLS;10002;1;9996;2;9995;25;10004;2;10005;25;;;10003.0;244.0
0;35400;BANANAS;4886;2;4883;27;;;4890;27;;;;;4888.0;-37.4296875
0;35500;PEARLS;9996;2;9995;27;;;10004;2;10005;27;;;10000.0;246.0
0;35500;BANANAS;4883;29;;;;;4890;29;;;;;4886.5;-41.109375
0;35600;PEARLS;9996;1;9995;23;;;10002;3;10004;1;10005;23;9999.0;246.0
0;35600;BANANAS;4883;24;;;;;4887;3;4889;24;;;4885.0;-47.3828125
0;35700;PEARLS;9996;2;9995;29;;;10002;9;10004;2;10005;29;9999.0;246.0
0;35700;BANANAS;4883;31;;;;;4888;9;4889;2;4890;29;4885.5;-43.4140625
0;35800;PEARLS;9996;2;9995;21;;;10004;2;10005;21;;;10000.0;246.0
0;35800;BANANAS;4883;23;;;;;4889;23;;;;;4886.0;-48.0859375
0;35900;PEARLS;9996;2;9995;28;;;10004;2;10005;28;;;10000.0;246.0
0;35900;BANANAS;4883;30;;;;;4889;30;;;;;4886.0;-47.796875
0;36000;PEARLS;9995;30;;;;;10000;2;10002;9;10005;30;9997.5;246.0
0;36000;BANANAS;4883;30;;;;;4888;9;4890;30;;;4885.5;-41.78125
0;36100;PEARLS;9998;7;9996;2;9995;21;10004;2;10005;21;;;10001.0;246.0
0;36100;BANANAS;4884;9;4883;21;;;4890;23;;;;;4887.0;-35.6796875
0;36200;PEARLS;9998;5;9996;1;9995;29;10004;1;10005;29;;;10001.0;246.0
0;36200;BANANAS;4885;5;4884;30;;;4890;1;4891;29;;;4887.5;-26.7578125
0;36300;PEARLS;9996;1;9995;30;;;10004;1;10005;30;;;10000.0;246.0
0;36300;BANANAS;4884;31;;;;;4890;31;;;;;4887.0;-30.9453125
0;36400;PEARLS;9996;1;9995;28;;;10002;8;10004;1;10005;28;9999.0;246.0
0;36400;BANANAS;4884;29;;;;;4888;8;4890;29;;;4886.0;-31.7265625
0;36500;BANANAS;4884;29;;;;;4885;1;4891;29;;;4884.5;-20.828125
0;36500;PEARLS;9996;2;9995;27;;;10004;2;10005;27;;;10000.0;246.0
0;36600;PEARLS;9996;1;9995;30;;;10000;2;10004;1;10005;30;9998.0;246.0
0;36600;BANANAS;4885;1;4884;30;;;4891;31;;;;;4888.0;-13.75
0;36700;BANANAS;4885;1;4884;21;;;4891;22;;;;;4888.0;-13.5
0;36700;PEARLS;10002;1;9996;1;9995;21;10004;1;10005;21;;;10003.0;246.0
0;36800;PEARLS;9996;2;9995;23;;;10004;2;10005;23;;;10000.0;248.0
0;36800;BANANAS;4884;25;;;;;4885;2;4891;25;;;4884.5;-22.7734375
0;36900;BANANAS;4885;6;4884;22;;;4891;22;;;;;4888.0;-19.703125
0;36900;PEARLS;9998;6;9995;22;;;10005;22;;;;;10001.5;248.0
0;37000;PEARLS;9996;2;9995;20;;;10004;2;10005;20;;;10000.0;248.0
0;37000;BANANAS;4888;4;4884;2;4883;20;4890;22;;;;;4889.0;-26.5625
0;37100;BANANAS;4884;24;;;;;4891;24;;;;;4887.5;-16.8046875
0;37100;PEARLS;10000;5;9995;24;;;10005;24;;;;;10002.5;248.0
0;37200;PEARLS;9996;2;9995;27;;;10004;2;10005;27;;;10000.0;248.0
0;37200;BANANAS;4884;29;;;;;4891;29;;;;;4887.5;-15.375
0;37300;BANANAS;4883;23;;;;;4890;23;;;;;4886.5;-27.9921875
0;37300;PEARLS;9996;1;9995;22;;;10004;1;10005;22;;;10000.0;248.0
0;37400;PEARLS;9995;22;;;;;10005;22;;;;;10000.0;248.0
0;37400;BANANAS;4883;22;;;;;4889;22;;;;;4886.0;-35.0546875
0;37500;BANANAS;4883;1;4882;30;;;4889;31;;;;;4886.0;-38.3828125
0;37500;PEARLS;10000;5;9996;1;9995;30;10004;1;10005;30;;;10002.0;248.0
0;37600;PEARLS;9996;1;9995;24;;;10004;1;10005;24;;;10000.0;248.0
0;37600;BANANAS;4888;1;4883;25;;;4889;1;4890;24;;;4888.5;-34.7265625
0;37700;BANANAS;4883;20;;;;;4890;20;;;;;4886.5;-31.3671875
0;37700;PEARLS;10002;1;9995;20;;;10005;20;;;;;10003.5;248.0
0;37800;PEARLS;9996;2;9995;23;;;10004;2;10005;23;;;10000.0;250.0
0;37800;BANANAS;4883;25;;;;;4889;2;4890;23;;;4886.0;-31.953125
0;37900;PEARLS;9996;2;9995;27;;;10004;2;10005;27;;;10000.0;250.0
0;37900;BANANAS;4882;29;;;;;4889;29;;;;;4885.5;-39.7421875
0;38000;PEARLS;9998;3;9995;30;;;10005;30;;;;;10001.5;250.0
0;38000;BANANAS;4883;3;4882;30;;;4889;30;;;;;4886.0;-39.078125
0;38100;PEARLS;9998;4;9996;1;9995;28;10004;1;10005;28;;;10001.0;250.0
0;38100;BANANAS;4884;4;4883;29;;;4889;1;4890;28;;;4886.5;-31.953125
0;38200;PEARLS;9998;4;9996;2;9995;29;10004;2;10005;29;;;10001.0;250.0
0;38200;BANANAS;4884;4;4883;31;;;4889;2;4890;29;;;4886.5;-29.6640625
0;38300;PEARLS;9995;22;;;;;10005;22;;;;;10000.0;250.0
0;38300;BANANAS;4883;22;;;;;4890;22;;;;;4886.5;-26.9140625
0;38400;PEARLS;9996;2;9995;29;;;10004;2;10005;29;;;10000.0;250.0
0;38400;BANANAS;4883;31;;;;;4890;31;;;;;4886.5;-28.7578125
0;38500;PEARLS;9996;2;9995;22;;;10004;2;10005;22;;;10000.0;250.0
0;38500;BANANAS;4883;24;;;;;4889;2;4890;22;;;4886.0;-30.5
0;38600;PEARLS;10002;1;9996;2;9995;29;10004;2;10005;29;;;10003.0;250.0
0;38600;BANANAS;4883;31;;;;;4890;31;;;;;4886.5;-29.0546875
0;38700;PEARLS;9996;2;9995;20;;;10004;2;10005;20;;;10000.0;250.0
0;38700;BANANAS;4884;21;;;;;4890;2;4891;20;;;4887.0;-16.8828125
0;38800;PEARLS;9996;2;9995;25;;;10004;2;10005;25;;;10000.0;250.0
0;38800;BANANAS;4884;27;;;;;4890;2;4891;25;;;4887.0;-16.5078125
0;38900;PEARLS;9996;2;9995;23;;;10004;2;10005;23;;;10000.0;250.0
0;38900;BANANAS;4884;25;;;;;4891;25;;;;;4887.5;-14.921875
0;39000;PEARLS;9996;1;9995;23;;;10000;3;10004;1;10005;23;9998.0;250.0
0;39000;BANANAS;4884;24;;;;;4890;24;;;;;4887.0;-19.890625
0;39100;PEARLS;9996;2;9995;28;;;9998;3;10004;2;10005;28;9997.0;250.0
0;39100;BANANAS;4884;2;4883;28;;;4890;30;;;;;4887.0;-23.09375
0;39200;PEARLS;9995;21;;;;;10000;4;10005;21;;;9997.5;250.0
0;39200;BANANAS;4883;21;;;;;4889;21;;;;;4886.0;-34.4453125
0;39300;PEARLS;9995;24;;;;;10005;24;;;;;10000.0;250.0
0;39300;BANANAS;4883;24;;;;;4890;24;;;;;4886.5;-30.53125
0;39400;PEARLS;9995;21;;;;;10005;21;;;;;10000.0;250.0
0;39400;BANANAS;4884;21;;;;;4891;21;;;;;4887.5;-14.8828125
0;39500;PEARLS;9995;29;;;;;10005;29;;;;;10000.0;250.0
0;39500;BANANAS;4884;29;;;;;4891;29;;;;;4887.5;-17.8046875
0;39600;PEARLS;9996;1;9995;30;;;10004;1;10005;30;;;10000.0;250.0
0;39600;BANANAS;4886;2;4884;31;;;4890;31;;;;;4888.0;-20.2265625
0;39700;PEARLS;9996;1;9995;29;;;10000;6;10004;1;10005;29;9998.0;250.0
0;39700;BANANAS;4883;29;;;;;4889;1;4890;29;;;4886.0;-29.84375
0;39800;PEARLS;9996;2;9995;22;;;9998;1;10004;2;10005;22;9997.0;250.0
0;39800;BANANAS;4883;24;;;;;4890;24;;;;;4886.5;-29.1875
0;39900;PEARLS;9998;10;9996;1;9995;28;10004;1;10005;28;;;10001.0;250.0
0;39900;BANANAS;4884;11;4883;28;;;4890;29;;;;;4887.0;-22.296875
0;40000;PEARLS;10002;11;9996;1;9995;25;10004;1;10005;25;;;10003.0;250.0
0;40000;BANANAS;4883;26;;;;;4890;26;;;;;4886.5;-24.5078125
0;40100;PEARLS;9995;30;;;;;10005;30;;;;;10000.0;272.0
0;40100;BANANAS;4886;6;4883;30;;;4890;30;;;;;4888.0;-25.4375
0;40200;PEARLS;9996;1;9995;24;;;10002;7;10004;1;10005;24;9999.0;272.0
0;40200;BANANAS;4884;25;;;;;4889;7;4890;1;4891;24;4886.5;-23.703125
0;40300;PEARLS;10002;4;9996;1;9995;29;10004;1;10005;29;;;10003.0;272.0
0;40300;BANANAS;4884;30;;;;;4890;30;;;;;4887.0;-26.2734375
0;40400;PEARLS;9996;2;9995;23;;;10004;2;10005;23;;;10000.0;280.0
0;40400;BANANAS;4884;25;;;;;4891;25;;;;;4887.5;-22.671875
0;40500;PEARLS;9996;1;9995;21;;;10004;1;10005;21;;;10000.0;280.0
0;40500;BANANAS;4884;22;;;;;4885;5;4890;1;4891;21;4884.5;-23.6875
0;40600;PEARLS;10002;1;9995;28;;;10005;28;;;;;10003.5;280.0
0;40600;BANANAS;4883;28;;;;;4890;28;;;;;4886.5;-20.0390625
0;40700;PEARLS;9998;10;9996;1;9995;29;10004;1;10005;29;;;10001.0;282.0
0;40700;BANANAS;4888;1;4884;10;4883;30;4890;30;;;;;4889.0;-24.30859375
0;40800;PEARLS;9995;21;;;;;10005;21;;;;;10000.0;282.0
0;40800;BANANAS;4883;21;;;;;4890;21;;;;;4886.5;-20.578125
0;40900;BANANAS;4884;2;4883;25;;;4890;25;;;;;4887.0;-18.64453125
0;40900;PEARLS;9998;2;9995;25;;;10005;25;;;;;10001.5;282.0
0;41000;BANANAS;4884;31;;;;;4885;3;4890;21;;;4884.5;-15.80859375
0;41000;PEARLS;9998;10;9996;1;9995;20;10000;2;10004;1;10005;20;9999.0;282.0
0;41100;PEARLS;9996;2;9995;23;;;10004;2;10005;23;;;10000.0;282.0
0;41100;BANANAS;4889;7;4884;25;;;4890;2;4891;23;;;4889.5;-5.2578125
0;41200;PEARLS;9995;20;;;;;10005;20;;;;;10000.0;282.0
0;41200;BANANAS;4884;20;;;;;4891;20;;;;;4887.5;7.84765625
0;41300;BANANAS;4884;27;;;;;4891;27;;;;;4887.5;9.32421875
0;41300;PEARLS;9995;27;;;;;10005;27;;;;;10000.0;282.0
0;41400;BANANAS;4884;30;;;;;4886;5;4891;30;;;4885.0;8.921875
0;41400;PEARLS;9996;1;9995;29;;;10004;1;10005;29;;;10000.0;282.0
0;41500;PEARLS;9996;2;9995;29;;;10004;2;10005;29;;;10000.0;282.0
0;41500;BANANAS;4885;31;;;;;4891;2;4892;29;;;4888.0;25.62890625
0;41600;PEARLS;9995;26;;;;;10005;26;;;;;10000.0;282.0
0;41600;BANANAS;4884;26;;;;;4891;26;;;;;4887.5;19.09765625
0;41700;BANANAS;4884;23;;;;;4891;23;;;;;4887.5;14.640625
0;41700;PEARLS;9995;23;;;;;10005;23;;;;;10000.0;282.0
0;41800;BANANAS;4885;21;;;;;4888;4;4891;1;4892;21;4886.5;24.8203125
0;41800;PEARLS;9996;1;9995;21;;;10004;1;10005;21;;;10000.0;282.0
0;41900;PEARLS;9995;28;;;;;10002;8;10005;28;;;9998.5;282.0
0;41900;BANANAS;4885;28;;;;;4890;8;4892;28;;;4887.5;30.6953125
0;42000;PEARLS;9996;1;9995;27;;;9998;1;10004;1;10005;27;9997.0;282.0
0;42000;BANANAS;4886;28;;;;;4892;28;;;;;4889.0;40.3671875
0;42100;BANANAS;4886;22;;;;;4893;22;;;;;4889.5;44.328125
0;42100;PEARLS;10002;2;9995;22;;;10005;22;;;;;10003.5;284.0
0;42200;BANANAS;4887;22;;;;;4894;22;;;;;4890.5;63.5390625
0;42200;PEARLS;9995;22;;;;;10005;22;;;;;10000.0;288.0
0;42300;PEARLS;9996;2;9995;20;;;10004;2;10005;20;;;10000.0;288.0
0;42300;BANANAS;4887;22;;;;;4893;2;4894;20;;;4890.0;58.7578125
0;42400;PEARLS;9996;2;9995;26;;;10002;2;10004;2;10005;26;9999.0;288.0
0;42400;BANANAS;4886;28;;;;;4891;2;4893;28;;;4888.5;50.4375
0;42500;PEARLS;9995;24;;;;;10005;24;;;;;10000.0;288.0
0;42500;BANANAS;4886;24;;;;;4893;24;;;;;4889.5;46.09375
0;42600;PEARLS;9995;28;;;;;10005;28;;;;;10000.0;288.0
0;42600;BANANAS;4891;1;4886;28;;;4892;28;;;;;4891.5;39.1796875
0;42700;PEARLS;9996;1;9995;23;;;10004;1;10005;23;;;10000.0;288.0
0;42700;BANANAS;4886;24;;;;;4893;24;;;;;4889.5;47.5390625
0;42800;PEARLS;9995;29;;;;;10000;2;10005;29;;;9997.5;288.0
0;42800;BANANAS;4886;29;;;;;4892;29;;;;;4889.0;40.9609375
0;42900;PEARLS;10002;5;9995;20;;;10005;20;;;;;10003.5;288.0
0;42900;BANANAS;4885;20;;;;;4892;20;;;;;4888.5;35.765625
0;43000;PEARLS;9996;1;9995;26;;;10002;6;10004;1;10005;26;9999.0;298.0
0;43000;BANANAS;4885;27;;;;;4890;6;4891;1;4892;26;4887.5;29.7109375
0;43100;PEARLS;9998;9;9996;1;9995;24;10004;1;10005;24;;;10001.0;298.0
0;43100;BANANAS;4888;4;4887;9;4886;25;4892;25;;;;;4890.0;41.390625
0;43200;PEARLS;9996;2;9995;29;;;10002;5;10004;2;10005;29;9999.0;298.0
0;43200;BANANAS;4886;31;;;;;4891;5;4892;2;4893;29;4888.5;43.75
0;43300;PEARLS;9998;10;9995;20;;;10005;20;;;;;10001.5;298.0
0;43300;BANANAS;4892;1;4888;10;4887;20;4894;20;;;;;4893.0;61.2421875
0;43400;PEARLS;9996;2;9995;22;;;10004;2;10005;22;;;10000.0;298.0
0;43400;BANANAS;4887;24;;;;;4893;2;4894;22;;;4890.0;64.484375
0;43500;PEARLS;9996;1;9995;24;;;10002;7;10004;1;10005;24;9999.0;298.0
0;43500;BANANAS;4887;25;;;;;4891;7;4893;25;;;4889.0;60.0
0;43600;PEARLS;9995;22;;;;;10002;5;10005;22;;;9998.5;298.0
0;43600;BANANAS;4886;22;;;;;4891;7;4893;22;;;4888.5;55.0546875
0;43700;PEARLS;9996;1;9995;29;;;10002;6;10004;1;10005;29;9999.0;298.0
0;43700;BANANAS;4885;30;;;;;4890;6;4892;30;;;4887.5;39.9921875
0;43800;PEARLS;9996;1;9995;22;;;10004;1;10005;22;;;10000.0;298.0
0;43800;BANANAS;4886;23;;;;;4893;23;;;;;4889.5;52.5234375
0;43900;PEARLS;9996;2;9995;24;;;10002;2;10004;2;10005;24;9999.0;298.0
0;43900;BANANAS;4886;26;;;;;4887;1;4891;6;4893;26;4886.5;51.84375
0;44000;PEARLS;10002;4;9998;10;9996;2;10004;2;10005;25;;;10003.0;298.0
0;44000;BANANAS;4887;12;4886;25;;;4888;1;4893;27;;;4887.5;58.390625
0;44100;PEARLS;9996;2;9995;22;;;10004;2;10005;22;;;10000.0;306.0
0;44100;BANANAS;4886;24;;;;;4893;24;;;;;4889.5;56.6796875
0;44200;PEARLS;9995;24;;;;;10005;24;;;;;10000.0;306.0
0;44200;BANANAS;4886;24;;;;;4893;24;;;;;4889.5;61.734375
0;44300;PEARLS;9996;2;9995;24;;;9998;2;10004;2;10005;24;9997.0;306.0
0;44300;BANANAS;4887;26;;;;;4894;26;;;;;4890.5;70.828125
0;44400;PEARLS;9996;1;9995;25;;;10002;7;10004;1;10005;25;9999.0;310.0
0;44400;BANANAS;4887;26;;;;;4892;7;4893;1;4894;25;4889.5;66.515625
0;44500;PEARLS;9995;30;;;;;10005;30;;;;;10000.0;310.0
0;44500;BANANAS;4886;30;;;;;4893;30;;;;;4889.5;54.90625
0;44600;PEARLS;9996;1;9995;21;;;10004;1;10005;21;;;10000.0;310.0
0;44600;BANANAS;4886;22;;;;;4893;22;;;;;4889.5;58.5234375
0;44700;PEARLS;9996;2;9995;25;;;10004;2;10005;25;;;10000.0;310.0
0;44700;BANANAS;4891;1;4886;27;;;4893;27;;;;;4892.0;55.90625
0;44800;PEARLS;9995;25;;;;;10005;25;;;;;10000.0;310.0
0;44800;BANANAS;4887;25;;;;;4894;25;;;;;4890.5;68.4453125
0;44900;PEARLS;9996;2;9995;21;;;10004;2;10005;21;;;10000.0;310.0
0;44900;BANANAS;4887;23;;;;;4894;23;;;;;4890.5;75.15625
0;45000;PEARLS;9996;1;9995;27;;;10004;1;10005;27;;;10000.0;310.0
0;45000;BANANAS;4887;28;;;;;4888;1;4894;28;;;4887.5;75.0390625
0;45100;PEARLS;9995;27;;;;;9998;1;10005;27;;;9996.5;310.0
0;45100;BANANAS;4887;27;;;;;4894;27;;;;;4890.5;75.8515625
0;45200;PEARLS;10002;1;9996;1;9995;20;10004;1;10005;20;;;10003.0;312.0
0;45200;BANANAS;4888;20;;;;;4894;1;4895;20;;;4891.0;87.6015625
0;45300;BANANAS;4888;22;;;;;4895;23;;;;;4891.5;88.171875
0;45300;PEARLS;9995;23;;;;;10005;23;;;;;10000.0;314.0
0;45400;PEARLS;9998;4;9995;25;;;10005;25;;;;;10001.5;314.0
0;45400;BANANAS;4889;4;4888;25;;;4894;25;;;;;4891.5;85.7578125
0;45500;BANANAS;4888;21;;;;;4895;21;;;;;4891.5;94.25
0;45500;PEARLS;9996;1;9995;20;;;9998;3;10004;1;10005;20;9997.0;314.0
0;45600;PEARLS;9996;1;9995;23;;;10004;1;10005;23;;;10000.0;320.0
0;45600;BANANAS;4889;1;4888;23;;;4895;24;;;;;4892.0;99.859375
0;45700;BANANAS;4889;2;4888;21;;;4895;23;;;;;4892.0;98.84375
0;45700;PEARLS;10002;1;9996;2;9995;21;10004;2;10005;21;;;10003.0;320.0
0;45800;PEARLS;10000;5;9998;7;9996;2;10004;2;10005;30;;;10002.0;322.0
0;45800;BANANAS;4890;2;4889;30;;;4896;32;;;;;4893.0;107.3984375
0;45900;BANANAS;4891;7;4890;26;;;4897;26;;;;;4894.0;111.9375
0;45900;PEARLS;9998;8;9996;1;9995;25;10004;1;10005;25;;;10001.0;322.0
0;46000;PEARLS;9995;23;;;;;9998;1;10005;23;;;9996.5;322.0
0;46000;BANANAS;4890;23;;;;;4897;23;;;;;4893.5;94.732421875
0;46100;BANANAS;4891;25;;;;;4898;25;;;;;4894.5;2.7421875
0;46100;PEARLS;9995;25;;;;;10005;25;;;;;10000.0;324.0
0;46200;PEARLS;9995;24;;;;;10005;24;;;;;10000.0;324.0
0;46200;BANANAS;4890;24;;;;;4897;24;;;;;4893.5;8.625
0;46300;BANANAS;4890;28;;;;;4897;28;;;;;4893.5;11.5
0;46300;PEARLS;9996;2;9995;26;;;10004;2;10005;26;;;10000.0;324.0
0;46400;PEARLS;9995;24;;;;;10005;24;;;;;10000.0;324.0
0;46400;BANANAS;4895;1;4890;24;;;4897;24;;;;;4896.0;13.0546875
0;46500;BANANAS;4890;30;;;;;4897;30;;;;;4893.5;14.015625
0;46500;PEARLS;9996;1;9995;29;;;9998;1;10004;1;10005;29;9997.0;324.0
0;46600;PEARLS;9998;1;9995;28;;;10005;28;;;;;10001.5;326.0
0;46600;BANANAS;4895;1;4894;3;4891;1;4897;28;;;;;4896.0;18.2578125
0;46700;BANANAS;4889;30;;;;;4896;30;;;;;4892.5;33.8125
0;46700;PEARLS;9996;1;9995;29;;;10004;1;10005;29;;;10000.0;326.0
0;46800;PEARLS;9995;25;;;;;10005;25;;;;;10000.0;326.0
0;46800;BANANAS;4890;25;;;;;4897;25;;;;;4893.5;21.8125
0;46900;PEARLS;9996;1;9995;29;;;10002;3;10004;1;10005;29;9999.0;326.0
0;46900;BANANAS;4890;1;4889;29;;;4894;3;4896;30;;;4892.0;29.3203125
0;47000;PEARLS;9996;1;9995;22;;;10004;1;10005;22;;;10000.0;326.0
0;47000;BANANAS;4890;1;4889;22;;;4896;23;;;;;4893.0;31.84375
0;47100;PEARLS;9995;22;;;;;9998;1;10005;22;;;9996.5;326.0
0;47100;BANANAS;4889;22;;;;;4896;22;;;;;4892.5;27.3828125
0;47200;PEARLS;9996;2;9995;21;;;10004;2;10005;21;;;10000.0;328.0
0;47200;BANANAS;4895;1;4889;23;;;4896;23;;;;;4895.5;32.7734375
0;47300;PEARLS;9995;21;;;;;10005;21;;;;;10000.0;328.0
0;47300;BANANAS;4890;21;;;;;4896;21;;;;;4893.0;28.9375
0;47400;PEARLS;9998;7;9995;22;;;10005;22;;;;;10001.5;328.0
0;47400;BANANAS;4891;8;4890;22;;;4896;22;;;;;4893.5;28.828125
0;47500;PEARLS;9996;1;9995;21;;;9998;1;10004;1;10005;21;9997.0;328.0
0;47500;BANANAS;4890;22;;;;;4896;22;;;;;4893.0;29.0
0;47600;PEARLS;9998;5;9995;21;;;10005;21;;;;;10001.5;330.0
0;47600;BANANAS;4890;5;4889;21;;;4896;21;;;;;4893.0;32.859375
0;47700;PEARLS;9998;1;9995;23;;;10005;23;;;;;10001.5;330.0
0;47700;BANANAS;4891;1;4890;23;;;4897;23;;;;;4894.0;25.765625
0;47800;PEARLS;9995;20;;;;;10005;20;;;;;10000.0;330.0
0;47800;BANANAS;4890;20;;;;;4897;20;;;;;4893.5;20.53125
0;47900;PEARLS;9995;23;;;;;10005;23;;;;;10000.0;330.0
0;47900;BANANAS;4890;23;;;;;4897;23;;;;;4893.5;21.6875
0;48000;PEARLS;10002;2;9996;1;9995;26;10004;1;10005;26;;;10003.0;330.0
0;48000;BANANAS;4890;27;;;;;4895;1;4897;27;;;4892.5;20.515625
0;48100;PEARLS;9996;1;9995;29;;;10004;1;10005;29;;;10000.0;334.0
0;48100;BANANAS;4890;30;;;;;4897;30;;;;;4893.5;17.3671875
0;48200;PEARLS;9996;1;9995;26;;;10004;1;10005;26;;;10000.0;334.0
0;48200;BANANAS;4890;26;;;;;4897;27;;;;;4893.5;20.0
0;48300;PEARLS;9998;4;9996;1;9995;20;10004;1;10005;20;;;10001.0;334.0
0;48300;BANANAS;4895;1;4891;4;4890;21;4897;21;;;;;4896.0;21.7578125
0;48400;PEARLS;9996;2;9995;30;;;10004;2;10005;30;;;10000.0;334.0
0;48400;BANANAS;4889;32;;;;;4896;32;;;;;4892.5;34.2578125
0;48500;PEARLS;9995;29;;;;;10005;29;;;;;10000.0;334.0
0;48500;BANANAS;4894;10;4889;29;;;4896;29;;;;;4895.0;35.609375
0;48600;PEARLS;9996;1;9995;26;;;10004;1;10005;26;;;10000.0;334.0
0;48600;BANANAS;4889;27;;;;;4896;27;;;;;4892.5;37.3125
0;48700;PEARLS;9996;1;9995;22;;;10000;2;10004;1;10005;22;9998.0;334.0
0;48700;BANANAS;4889;23;;;;;4896;23;;;;;4892.5;37.96875
0;48800;PEARLS;9996;1;9995;28;;;10004;1;10005;28;;;10000.0;334.0
0;48800;BANANAS;4890;29;;;;;4896;29;;;;;4893.0;27.859375
0;48900;PEARLS;9995;22;;;;;10005;22;;;;;10000.0;334.0
0;48900;BANANAS;4890;21;;;;;4897;22;;;;;4893.5;25.3359375
0;49000;PEARLS;9996;1;9995;28;;;10004;1;10005;28;;;10000.0;334.0
0;49000;BANANAS;4890;29;;;;;4896;1;4897;28;;;4893.0;26.3515625
0;49100;PEARLS;9995;30;;;;;10005;30;;;;;10000.0;334.0
0;49100;BANANAS;4890;30;;;;;4897;30;;;;;4893.5;19.421875
0;49200;PEARLS;10002;3;9996;1;9995;25;10004;1;10005;25;;;10003.0;334.0
0;49200;BANANAS;4890;26;;;;;4897;26;;;;;4893.5;14.84375
0;49300;PEARLS;9998;3;9995;29;;;10005;29;;;;;10001.5;340.0
0;49300;BANANAS;4892;3;4891;29;;;4897;29;;;;;4894.5;7.8359375
0;49400;PEARLS;9996;1;9995;22;;;10004;1;10005;22;;;10000.0;340.0
0;49400;BANANAS;4891;23;;;;;4898;23;;;;;4894.5;-4.4140625
0;49500;PEARLS;9996;1;9995;24;;;10004;1;10005;24;;;10000.0;340.0
0;49500;BANANAS;4891;25;;;;;4897;25;;;;;4894.0;7.953125
0;49600;PEARLS;9996;2;9995;28;;;10000;3;10002;9;10004;2;9998.0;340.0
0;49600;BANANAS;4890;30;;;;;4895;9;4897;30;;;4892.5;18.3046875
0;49700;PEARLS;9995;21;;;;;10005;21;;;;;10000.0;340.0
0;49700;BANANAS;4896;1;4890;21;;;4897;21;;;;;4896.5;13.375
0;49800;PEARLS;9995;20;;;;;10002;7;10005;20;;;9998.5;340.0
0;49800;BANANAS;4890;19;;;;;4895;7;4897;20;;;4892.5;20.5703125
0;49900;BANANAS;4890;24;;;;;4896;1;4897;23;;;4893.0;23.3203125
0;49900;PEARLS;9996;1;9995;23;;;10004;1;10005;23;;;10000.0;326.0
0;50000;BANANAS;4893;2;4889;26;;;4894;5;4896;26;;;4893.5;40.1796875
0;50000;PEARLS;9996;2;9995;24;;;10002;5;10004;2;10005;24;9999.0;326.0
0;50100;PEARLS;10002;4;9996;2;9995;22;10004;2;10005;22;;;10003.0;316.0
0;50100;BANANAS;4892;2;4889;24;;;4896;24;;;;;4894.0;36.484375
0;50200;PEARLS;9996;1;9995;28;;;10004;1;10005;28;;;10000.0;316.0
0;50200;BANANAS;4894;7;4890;29;;;4896;29;;;;;4895.0;28.3515625
0;50300;BANANAS;4890;23;;;;;4897;23;;;;;4893.5;22.8125
0;50300;PEARLS;9995;23;;;;;10005;23;;;;;10000.0;316.0
0;50400;BANANAS;4890;23;;;;;4897;23;;;;;4893.5;20.2265625
0;50400;PEARLS;9996;2;9995;21;;;10004;2;10005;21;;;10000.0;316.0
0;50500;PEARLS;10000;4;9998;7;9996;1;10004;1;10005;27;;;10002.0;316.0
0;50500;BANANAS;4891;7;4890;28;;;4897;28;;;;;4894.0;19.546875
0;50600;PEARLS;9998;7;9996;2;9995;22;10000;5;10004;2;10005;22;9999.0;316.0
0;50600;BANANAS;4895;1;4891;7;4890;24;4896;2;4897;22;;;4895.5;24.265625
0;50700;BANANAS;4891;9;4890;20;;;4897;20;;;;;4894.0;19.65625
0;50700;PEARLS;9998;9;9995;20;;;10005;20;;;;;10001.5;316.0
0;50800;BANANAS;4891;7;4890;28;;;4897;28;;;;;4894.0;19.5703125
0;50800;PEARLS;9998;7;9996;2;9995;26;10004;2;10005;26;;;10001.0;316.0
0;50900;PEARLS;9998;2;9995;30;;;10000;5;10005;30;;;9999.0;316.0
0;50900;BANANAS;4891;1;4890;30;;;4897;30;;;;;4894.0;21.6875
0;51000;PEARLS;9996;2;9995;23;;;10004;2;10005;23;;;10000.0;316.0
0;51000;BANANAS;4890;25;;;;;4896;2;4897;23;;;4893.0;24.6328125
0;51100;BANANAS;4891;29;;;;;4895;1;4897;29;;;4893.0;9.109375
0;51100;PEARLS;9995;29;;;;;10002;1;10005;29;;;9998.5;316.0
0;51200;PEARLS;9995;30;;;;;10005;30;;;;;10000.0;316.0
0;51200;BANANAS;4895;10;4890;30;;;4897;30;;;;;4896.0;16.3515625
0;51300;PEARLS;9996;2;9995;23;;;9998;5;10002;5;10004;2;9997.0;316.0
0;51300;BANANAS;4891;25;;;;;4895;5;4897;25;;;4893.0;7.8359375
0;51400;PEARLS;9996;1;9995;22;;;10004;1;10005;22;;;10000.0;316.0
0;51400;BANANAS;4891;23;;;;;4897;23;;;;;4894.0;7.2265625
0;51500;PEARLS;9995;21;;;;;10005;21;;;;;10000.0;316.0
0;51500;BANANAS;4891;21;;;;;4898;21;;;;;4894.5;3.0703125
0;51600;PEARLS;9996;2;9995;21;;;10002;5;10004;2;10005;21;9999.0;316.0
0;51600;BANANAS;4891;23;;;;;4896;5;4897;2;4898;21;4893.5;3.671875
0;51700;PEARLS;9996;2;9995;30;;;10004;2;10005;30;;;10000.0;316.0
0;51700;BANANAS;4896;12;4891;32;;;4897;2;4898;30;;;4896.5;4.109375
0;51800;PEARLS;9995;25;;;;;10005;25;;;;;10000.0;316.0
0;51800;BANANAS;4891;25;;;;;4898;25;;;;;4894.5;-4.171875
0;51900;PEARLS;9996;2;9995;26;;;10004;2;10005;26;;;10000.0;316.0
0;51900;BANANAS;4892;2;4891;26;;;4898;28;;;;;4895.0;-9.46875
0;52000;PEARLS;9998;2;9995;21;;;10000;5;10005;21;;;9999.0;316.0
0;52000;BANANAS;4892;3;4891;21;;;4898;21;;;;;4895.0;5.7265625
0;52100;PEARLS;9996;1;9995;27;;;10004;1;10005;27;;;10000.0;316.0
0;52100;BANANAS;4891;28;;;;;4897;1;4898;27;;;4894.0;2.1796875
0;52200;PEARLS;9995;23;;;;;10005;23;;;;;10000.0;316.0
0;52200;BANANAS;4891;22;;;;;4896;1;4898;23;;;4893.5;2.734375
0;52300;PEARLS;9995;30;;;;;10005;30;;;;;10000.0;316.0
0;52300;BANANAS;4892;30;;;;;4899;30;;;;;4895.5;-16.3125
0;52400;PEARLS;10002;3;9996;1;9995;20;10004;1;10005;20;;;10003.0;316.0
0;52400;BANANAS;4892;1;4891;20;;;4898;21;;;;;4895.0;-5.984375
0;52500;PEARLS;9996;2;9995;25;;;10004;2;10005;25;;;10000.0;322.0
0;52500;BANANAS;4891;27;;;;;4898;27;;;;;4894.5;0.1015625
0;52600;PEARLS;9996;1;9995;30;;;10004;1;10005;30;;;10000.0;322.0
0;52600;BANANAS;4891;31;;;;;4897;1;4898;30;;;4894.0;4.375
0;52700;PEARLS;9996;1;9995;24;;;10002;9;10004;1;10005;24;9999.0;322.0
0;52700;BANANAS;4891;25;;;;;4895;8;4897;25;;;4893.0;7.3671875
0;52800;PEARLS;9996;2;9995;26;;;10004;2;10005;26;;;10000.0;322.0
0;52800;BANANAS;4891;28;;;;;4892;8;4897;28;;;4891.5;6.9140625
0;52900;PEARLS;9996;1;9995;26;;;10002;3;10004;1;10005;26;9999.0;322.0
0;52900;BANANAS;4891;1;4890;26;;;4895;3;4897;27;;;4893.0;25.9296875
0;53000;PEARLS;9996;1;9995;29;;;10004;1;10005;29;;;10000.0;322.0
0;53000;BANANAS;4891;30;;;;;4898;30;;;;;4894.5;16.86328125
0;53100;PEARLS;9996;2;9995;21;;;9998;5;10004;2;10005;21;9997.0;322.0
0;53100;BANANAS;4892;23;;;;;4898;23;;;;;4895.0;12.640625
0;53200;PEARLS;9995;23;;;;;10005;23;;;;;10000.0;322.0
0;53200;BANANAS;4897;1;4892;23;;;4899;23;;;;;4898.0;10.640625
0;53300;PEARLS;9995;20;;;;;10005;20;;;;;10000.0;322.0
0;53300;BANANAS;4892;20;;;;;4899;20;;;;;4895.5;8.28125
0;53400;PEARLS;9996;2;9995;30;;;9998;1;10004;2;10005;30;9997.0;322.0
0;53400;BANANAS;4892;32;;;;;4899;32;;;;;4895.5;7.21484375
0;53500;PEARLS;9995;25;;;;;10002;7;10005;25;;;9998.5;324.0
0;53500;BANANAS;4892;25;;;;;4897;7;4899;25;;;4894.5;7.68359375
0;53600;PEARLS;9998;2;9996;1;9995;22;10004;1;10005;22;;;10001.0;324.0
0;53600;BANANAS;4892;23;;;;;4893;10;4899;23;;;4892.5;6.0078125
0;53700;PEARLS;9995;23;;;;;10005;23;;;;;10000.0;324.0
0;53700;BANANAS;4892;23;;;;;4899;23;;;;;4895.5;33.607421875
0;53800;PEARLS;9998;8;9995;29;;;10005;29;;;;;10001.5;324.0
0;53800;BANANAS;4893;8;4892;29;;;4899;29;;;;;4896.0;33.5
0;53900;PEARLS;9996;1;9995;25;;;10000;4;10002;8;10004;1;9998.0;324.0
0;53900;BANANAS;4892;1;4891;25;;;4896;8;4898;26;;;4894.0;34.6298828125
0;54000;PEARLS;9996;1;9995;21;;;10002;1;10004;1;10005;21;9999.0;324.0
0;54000;BANANAS;4891;22;;;;;4894;5;4896;2;4898;22;4892.5;35.3125
0;54100;BANANAS;4892;22;;;;;4899;22;;;;;4895.5;39.9306640625
0;54100;PEARLS;9996;1;9995;21;;;10004;1;10005;21;;;10000.0;324.0
0;54200;PEARLS;9996;1;9995;20;;;10004;1;10005;20;;;10000.0;324.0
0;54200;BANANAS;4891;20;;;;;4898;21;;;;;4894.5;38.6162109375
0;54300;BANANAS;4892;2;4891;26;;;4898;28;;;;;4895.0;38.4345703125
0;54300;PEARLS;10002;1;9996;2;9995;26;10004;2;10005;26;;;10003.0;324.0
0;54400;PEARLS;9995;22;;;;;10005;22;;;;;10000.0;326.0
0;54400;BANANAS;4892;22;;;;;4899;22;;;;;4895.5;39.2919921875
0;54500;BANANAS;4892;29;;;;;4897;2;4898;2;4899;27;4894.5;39.4033203125
0;54500;PEARLS;9996;2;9995;27;;;10002;2;10004;2;10005;27;9999.0;326.0
0;54600;PEARLS;10002;2;9996;1;9995;29;10004;1;10005;29;;;10003.0;326.0
0;54600;BANANAS;4892;30;;;;;4899;30;;;;;4895.5;39.8330078125
0;54700;BANANAS;4893;23;;;;;4899;1;4900;22;;;4896.0;41.3330078125
0;54700;PEARLS;9996;1;9995;22;;;10004;1;10005;22;;;10000.0;330.0
0;54800;PEARLS;9996;2;9995;23;;;10004;2;10005;23;;;10000.0;330.0
0;54800;BANANAS;4893;25;;;;;4899;2;4900;23;;;4896.0;41.34375
0;54900;BANANAS;4898;1;4893;24;;;4899;2;4900;22;;;4898.5;41.4189453125
0;54900;PEARLS;9996;2;9995;22;;;10004;2;10005;22;;;10000.0;330.0
0;55000;PEARLS;9996;2;9995;20;;;10004;2;10005;20;;;10000.0;330.0
0;55000;BANANAS;4893;22;;;;;4899;2;4900;20;;;4896.0;43.26171875
0;55100;BANANAS;4894;2;4893;24;;;4900;26;;;;;4897.0;43.896484375
0;55100;PEARLS;9996;2;9995;24;;;10004;2;10005;24;;;10000.0;330.0
0;55200;PEARLS;9998;8;9996;1;9995;25;10004;1;10005;25;;;10001.0;330.0
0;55200;BANANAS;4895;7;4894;26;;;4900;26;;;;;4897.5;43.96142578125
0;55300;BANANAS;4894;22;;;;;4899;4;4901;22;;;4896.5;44.41357421875
0;55300;PEARLS;9995;22;;;;;10002;5;10005;22;;;9998.5;330.0
0;55400;PEARLS;9998;7;9996;1;9995;27;10004;1;10005;27;;;10001.0;320.0
0;55400;BANANAS;4895;8;4894;27;;;4901;28;;;;;4898.0;44.74072265625
0;55500;BANANAS;4894;24;;;;;4901;24;;;;;4897.5;44.31884765625
0;55500;PEARLS;9996;2;9995;22;;;10004;2;10005;22;;;10000.0;320.0
0;55600;PEARLS;9995;23;;;;;10002;9;10005;23;;;9998.5;320.0
0;55600;BANANAS;4894;23;;;;;4899;9;4901;23;;;4896.5;44.1884765625
0;55700;PEARLS;9996;1;9995;21;;;10002;7;10004;1;10005;21;9999.0;320.0
0;55700;BANANAS;4893;22;;;;;4898;7;4900;22;;;4895.5;43.658203125
0;55800;PEARLS;9996;1;9995;25;;;10004;1;10005;25;;;10000.0;320.0
0;55800;BANANAS;4894;26;;;;;4900;1;4901;25;;;4897.0;44.08544921875
0;55900;PEARLS;9995;20;;;;;10005;20;;;;;10000.0;320.0
0;55900;BANANAS;4894;20;;;;;4897;1;4901;20;;;4895.5;44.591796875
0;56000;PEARLS;10000;2;9996;1;9995;24;10002;6;10004;1;10005;24;10001.0;320.0
0;56000;BANANAS;4895;25;;;;;4900;6;4901;25;;;4897.5;46.0859375
0;56100;PEARLS;9996;1;9995;27;;;9998;1;10002;3;10004;1;9997.0;320.0
0;56100;BANANAS;4894;28;;;;;4899;3;4901;28;;;4896.5;44.974609375
0;56200;PEARLS;9996;1;9995;30;;;10000;4;10004;1;10005;30;9998.0;322.0
0;56200;BANANAS;4897;3;4894;31;;;4900;1;4901;30;;;4898.5;44.53125
0;56300;PEARLS;9995;28;;;;;10005;28;;;;;10000.0;322.0
0;56300;BANANAS;4894;28;;;;;4901;28;;;;;4897.5;45.3076171875
0;56400;PEARLS;9996;2;9995;27;;;10004;2;10005;27;;;10000.0;322.0
0;56400;BANANAS;4894;29;;;;;4900;2;4901;27;;;4897.0;44.423828125
0;56500;PEARLS;9995;21;;;;;10002;9;10005;21;;;9998.5;322.0
0;56500;BANANAS;4894;21;;;;;4899;9;4901;21;;;4896.5;45.7275390625
0;56600;PEARLS;9996;2;9995;28;;;10002;2;10004;2;10005;28;9999.0;322.0
0;56600;BANANAS;4894;30;;;;;4899;2;4901;30;;;4896.5;45.08984375
0;56700;PEARLS;9998;5;9995;27;;;10005;27;;;;;10001.5;322.0
0;56700;BANANAS;4895;6;4894;27;;;4901;27;;;;;4898.0;44.34765625
0;56800;PEARLS;9995;23;;;;;10005;23;;;;;10000.0;322.0
0;56800;BANANAS;4894;23;;;;;4900;23;;;;;4897.0;43.9873046875
0;56900;PEARLS;9996;1;9995;20;;;10004;1;10005;20;;;10000.0;322.0
0;56900;BANANAS;4894;21;;;;;4900;1;4901;20;;;4897.0;44.17578125
0;57000;PEARLS;9996;2;9995;20;;;10002;10;10004;2;10005;20;9999.0;322.0
0;57000;BANANAS;4894;2;4893;20;;;4898;10;4900;22;;;4896.0;43.6357421875
0;57100;PEARLS;9998;6;9995;24;;;10005;24;;;;;10001.5;322.0
0;57100;BANANAS;4899;1;4894;7;4893;24;4900;24;;;;;4899.5;43.5830078125
0;57200;PEARLS;9998;5;9996;1;9995;25;10004;1;10005;25;;;10001.0;322.0
0;57200;BANANAS;4894;6;4893;25;;;4895;5;4896;2;4900;26;4894.5;45.72265625
0;57300;PEARLS;9996;1;9995;30;;;10004;1;10005;30;;;10000.0;322.0
0;57300;BANANAS;4894;1;4893;30;;;4900;31;;;;;4897.0;55.21875
0;57400;PEARLS;9996;1;9995;27;;;10004;1;10005;27;;;10000.0;322.0
0;57400;BANANAS;4893;28;;;;;4899;1;4900;27;;;4896.0;51.33984375
0;57500;PEARLS;9995;21;;;;;10005;21;;;;;10000.0;322.0
0;57500;BANANAS;4892;21;;;;;4899;21;;;;;4895.5;47.9140625
0;57600;PEARLS;10000;4;9996;2;9995;20;10004;2;10005;20;;;10002.0;322.0
0;57600;BANANAS;4892;22;;;;;4899;22;;;;;4895.5;46.40625
0;57700;PEARLS;9998;2;9996;1;9995;21;10004;1;10005;21;;;10001.0;322.0
0;57700;BANANAS;4893;2;4892;22;;;4899;22;;;;;4896.0;46.0234375
0;57800;PEARLS;9996;2;9995;26;;;10002;4;10004;2;10005;26;9999.0;322.0
0;57800;BANANAS;4892;28;;;;;4897;4;4899;28;;;4894.5;48.0234375
0;57900;PEARLS;9996;2;9995;26;;;10004;2;10005;26;;;10000.0;322.0
0;57900;BANANAS;4893;28;;;;;4899;2;4900;26;;;4896.0;51.3984375
0;58000;PEARLS;9995;28;;;;;10005;28;;;;;10000.0;322.0
0;58000;BANANAS;4892;28;;;;;4899;28;;;;;4895.5;47.94921875
0;58100;PEARLS;9998;7;9995;20;;;10005;20;;;;;10001.5;322.0
0;58100;BANANAS;4894;7;4893;20;;;4900;20;;;;;4897.0;50.859375
0;58200;PEARLS;9996;2;9995;27;;;10004;2;10005;27;;;10000.0;322.0
0;58200;BANANAS;4893;29;;;;;4899;2;4900;27;;;4896.0;51.224609375
0;58300;PEARLS;9996;2;9995;28;;;10004;2;10005;28;;;10000.0;322.0
0;58300;BANANAS;4893;30;;;;;4900;30;;;;;4896.5;53.884765625
0;58400;PEARLS;9995;25;;;;;10005;25;;;;;10000.0;322.0
0;58400;BANANAS;4893;25;;;;;4900;25;;;;;4896.5;53.12109375
0;58500;PEARLS;9998;3;9996;2;9995;20;10004;2;10005;20;;;10001.0;322.0
0;58500;BANANAS;4894;5;4893;20;;;4900;22;;;;;4897.0;55.609375
0;58600;BANANAS;4893;23;;;;;4899;1;4900;22;;;4896.0;51.82421875
0;58600;PEARLS;9996;1;9995;22;;;10004;1;10005;22;;;10000.0;322.0
0;58700;PEARLS;9996;1;9995;29;;;9998;1;10000;4;10004;1;9997.0;322.0
0;58700;BANANAS;4893;1;4892;29;;;4899;30;;;;;4896.0;49.150390625
0;58800;PEARLS;9996;1;9995;30;;;10004;1;10005;30;;;10000.0;324.0
0;58800;BANANAS;4893;31;;;;;4900;31;;;;;4896.5;53.486328125
0;58900;BANANAS;4899;1;4897;2;4894;25;4900;2;4901;23;;;4899.5;57.63671875
0;58900;PEARLS;9996;2;9995;23;;;10004;2;10005;23;;;10000.0;324.0
0;59000;BANANAS;4894;24;;;;;4901;24;;;;;4897.5;59.560546875
0;59000;PEARLS;9996;1;9995;23;;;10004;1;10005;23;;;10000.0;324.0
0;59100;PEARLS;9998;7;9996;1;9995;20;10004;1;10005;20;;;10001.0;324.0
0;59100;BANANAS;4894;9;4893;20;;;4900;21;;;;;4897.0;57.17578125
0;59200;PEARLS;10002;1;9996;2;9995;23;10004;2;10005;23;;;10003.0;324.0
0;59200;BANANAS;4893;25;;;;;4900;25;;;;;4896.5;55.373046875
0;59300;BANANAS;4894;5;4893;22;;;4900;22;;;;;4897.0;56.62109375
0;59300;PEARLS;9998;5;9995;22;;;10005;22;;;;;10001.5;326.0
0;59400;BANANAS;4894;23;;;;;4901;23;;;;;4897.5;58.955078125
0;59400;PEARLS;10002;1;9995;23;;;10005;23;;;;;10003.5;326.0
0;59500;PEARLS;9996;2;9995;22;;;10004;2;10005;22;;;10000.0;328.0
0;59500;BANANAS;4894;24;;;;;4900;2;4901;22;;;4897.0;59.435546875
0;59600;PEARLS;10002;1;9996;1;9995;24;10004;1;10005;24;;;10003.0;328.0
0;59600;BANANAS;4894;25;;;;;4901;25;;;;;4897.5;60.89453125
0;59700;BANANAS;4899;1;4894;26;;;4901;26;;;;;4900.0;59.779296875
0;59700;PEARLS;9996;1;9995;25;;;10004;1;10005;25;;;10000.0;330.0
0;59800;BANANAS;4894;11;4893;22;;;4900;24;;;;;4897.0;59.09765625
0;59800;PEARLS;9998;9;9996;2;9995;22;10004;2;10005;22;;;10001.0;330.0
0;59900;PEARLS;9996;2;9995;23;;;10004;2;10005;23;;;10000.0;330.0
0;59900;BANANAS;4894;2;4893;23;;;4900;25;;;;;4897.0;59.158203125
0;60000;PEARLS;9996;1;9995;25;;;9998;3;10002;10;10004;1;9997.0;330.0
0;60000;BANANAS;4898;1;4893;26;;;4900;26;;;;;4899.0;57.904296875
0;60100;PEARLS;9996;1;9995;27;;;10004;1;10005;27;;;10000.0;336.0
0;60100;BANANAS;4893;28;;;;;4900;28;;;;;4896.5;57.83203125
0;60200;PEARLS;9996;1;9995;25;;;10004;1;10005;25;;;10000.0;336.0
0;60200;BANANAS;4894;1;4893;25;;;4900;26;;;;;4897.0;58.84765625
0;60300;PEARLS;9998;3;9996;1;9995;23;10004;1;10005;23;;;10001.0;336.0
0;60300;BANANAS;4894;3;4893;24;;;4900;24;;;;;4897.0;58.564453125
0;60400;PEARLS;9996;2;9995;22;;;9998;1;10004;2;10005;22;9997.0;336.0
0;60400;BANANAS;4893;24;;;;;4900;24;;;;;4896.5;58.755859375
0;60500;PEARLS;9995;25;;;;;10000;2;10005;25;;;9997.5;336.0
0;60500;BANANAS;4893;25;;;;;4900;25;;;;;4896.5;58.751953125
0;60600;PEARLS;9996;1;9995;21;;;10004;1;10005;21;;;10000.0;336.0
0;60600;BANANAS;4893;21;;;;;4900;22;;;;;4896.5;59.07421875
0;60700;PEARLS;9998;10;9995;24;;;10005;24;;;;;10001.5;336.0
0;60700;BANANAS;4894;33;;;;;4900;24;;;;;4897.0;59.798828125
0;60800;PEARLS;9996;2;9995;26;;;10004;2;10005;26;;;10000.0;316.0
0;60800;BANANAS;4899;1;4894;28;;;4900;2;4901;26;;;4899.5;60.3359375
0;60900;PEARLS;9998;10;9995;29;;;10005;29;;;;;10001.5;316.0
0;60900;BANANAS;4899;1;4895;10;4894;29;4901;29;;;;;4900.0;62.5419921875
0;61000;PEARLS;9996;1;9995;25;;;9998;1;10004;1;10005;25;9997.0;296.0
0;61000;BANANAS;4894;26;;;;;4900;26;;;;;4897.0;64.060546875
0;61100;PEARLS;9996;2;9995;29;;;10004;2;10005;29;;;10000.0;296.0
0;61100;BANANAS;4894;31;;;;;4895;4;4900;2;4901;29;4894.5;64.2626953125
0;61200;PEARLS;9998;1;9995;22;;;10005;22;;;;;10001.5;296.0
0;61200;BANANAS;4894;22;;;;;4901;22;;;;;4897.5;72.5234375
0;61300;PEARLS;9995;27;;;;;10005;27;;;;;10000.0;294.0
0;61300;BANANAS;4893;27;;;;;4900;27;;;;;4896.5;69.732421875
0;61400;PEARLS;9995;28;;;;;10005;28;;;;;10000.0;294.0
0;61400;BANANAS;4893;28;;;;;4900;28;;;;;4896.5;70.46875
0;61500;PEARLS;9998;4;9995;22;;;10005;22;;;;;10001.5;294.0
0;61500;BANANAS;4898;1;4894;4;4893;22;4900;22;;;;;4899.0;68.1953125
0;61600;PEARLS;9996;1;9995;27;;;10004;1;10005;27;;;10000.0;286.0
0;61600;BANANAS;4893;28;;;;;4899;28;;;;;4896.0;68.03125
0;61700;PEARLS;9996;2;9995;21;;;10004;2;10005;21;;;10000.0;286.0
0;61700;BANANAS;4893;23;;;;;4899;2;4900;21;;;4896.0;69.0859375
0;61800;PEARLS;9996;2;9995;24;;;10004;2;10005;24;;;10000.0;286.0
0;61800;BANANAS;4893;1;4892;24;;;4899;26;;;;;4896.0;67.306640625
0;61900;PEARLS;9995;28;;;;;10002;8;10005;28;;;9998.5;286.0
0;61900;BANANAS;4892;28;;;;;4897;8;4899;28;;;4894.5;66.203125
0;62000;PEARLS;9995;24;;;;;10005;24;;;;;10000.0;286.0
0;62000;BANANAS;4892;24;;;;;4899;24;;;;;4895.5;63.998046875
0;62100;PEARLS;9996;2;9995;25;;;10002;3;10004;2;10005;25;9999.0;286.0
0;62100;BANANAS;4892;27;;;;;4897;3;4898;2;4899;25;4894.5;64.38671875
0;62200;PEARLS;9998;9;9996;2;9995;22;10004;2;10005;22;;;10001.0;286.0
0;62200;BANANAS;4893;9;4892;24;;;4898;2;4899;22;;;4895.5;63.9609375
0;62300;PEARLS;9995;21;;;;;10005;21;;;;;10000.0;268.0
0;62300;BANANAS;4892;21;;;;;4899;21;;;;;4895.5;64.7578125
0;62400;PEARLS;9995;24;;;;;10005;24;;;;;10000.0;268.0
0;62400;BANANAS;4892;24;;;;;4899;24;;;;;4895.5;65.015625
0;62500;PEARLS;9996;2;9995;25;;;10004;2;10005;25;;;10000.0;268.0
0;62500;BANANAS;4892;27;;;;;4899;27;;;;;4895.5;65.27734375
0;62600;PEARLS;9998;6;9996;1;9995;21;10004;1;10005;21;;;10001.0;268.0
0;62600;BANANAS;4897;12;4893;7;4892;21;4899;22;;;;;4898.0;67.40234375
0;62700;PEARLS;9998;3;9995;25;;;10005;25;;;;;10001.5;268.0
0;62700;BANANAS;4894;4;4893;25;;;4900;25;;;;;4897.0;78.66796875
0;62800;PEARLS;9995;22;;;;;10005;22;;;;;10000.0;268.0
0;62800;BANANAS;4893;22;;;;;4899;22;;;;;4896.0;80.1015625
0;62900;PEARLS;10002;11;9998;3;9996;2;10004;2;10005;20;;;10003.0;268.0
0;62900;BANANAS;4894;5;4893;20;;;4900;22;;;;;4897.0;74.81640625
0;63000;PEARLS;9995;30;;;;;10005;30;;;;;10000.0;268.0
0;63000;BANANAS;4893;30;;;;;4900;30;;;;;4896.5;78.5078125
0;63100;BANANAS;4893;30;;;;;4900;30;;;;;4896.5;74.4609375
0;63100;PEARLS;9995;30;;;;;9998;1;10005;30;;;9996.5;268.0
0;63200;PEARLS;9996;1;9995;24;;;10004;1;10005;24;;;10000.0;268.0
0;63200;BANANAS;4893;25;;;;;4900;25;;;;;4896.5;75.49609375
0;63300;BANANAS;4899;1;4893;30;;;4900;30;;;;;4899.5;73.7109375
0;63300;PEARLS;10002;4;9995;30;;;10005;30;;;;;10003.5;268.0
0;63400;PEARLS;9996;2;9995;22;;;10004;2;10005;22;;;10000.0;268.0
0;63400;BANANAS;4894;2;4893;22;;;4900;24;;;;;4897.0;76.70703125
0;63500;BANANAS;4893;28;;;;;4896;4;4900;28;;;4894.5;79.2890625
0;63500;PEARLS;9995;28;;;;;10005;28;;;;;10000.0;268.0
0;63600;PEARLS;9995;22;;;;;10005;22;;;;;10000.0;268.0
0;63600;BANANAS;4899;1;4894;22;;;4900;22;;;;;4899.5;75.48828125
0;63700;BANANAS;4894;21;;;;;4899;7;4900;21;;;4896.5;76.6015625
0;63700;PEARLS;9995;21;;;;;10000;5;10002;7;10005;21;9997.5;268.0
0;63800;PEARLS;9996;1;9995;27;;;9998;1;10004;1;10005;27;9997.0;268.0
0;63800;BANANAS;4894;28;;;;;4901;28;;;;;4897.5;73.1171875
0;63900;BANANAS;4894;22;;;;;4897;2;4901;22;;;4895.5;69.34765625
0;63900;PEARLS;9995;22;;;;;10000;2;10005;22;;;9997.5;270.0
0;64000;PEARLS;9995;30;;;;;9998;11;10002;10;10005;30;9996.5;270.0
0;64000;BANANAS;4894;30;;;;;4895;1;4899;10;4901;30;4894.5;69.328125
0;64100;BANANAS;4894;28;;;;;4899;4;4901;28;;;4896.5;73.5234375
0;64100;PEARLS;9996;2;9995;26;;;10002;4;10004;2;10005;26;9999.0;292.0
0;64200;PEARLS;9996;2;9995;25;;;10004;2;10005;25;;;10000.0;292.0
0;64200;BANANAS;4895;2;4894;25;;;4901;27;;;;;4898.0;72.1484375
0;64300;BANANAS;4896;4;4895;22;;;4901;2;4902;20;;;4898.5;69.03125
0;64300;PEARLS;9998;4;9996;2;9995;20;10004;2;10005;20;;;10001.0;292.0
0;64400;PEARLS;9996;2;9995;27;;;10004;2;10005;27;;;10000.0;292.0
0;64400;BANANAS;4894;29;;;;;4901;29;;;;;4897.5;75.71875
0;64500;PEARLS;9996;2;9995;20;;;10004;2;10005;20;;;10000.0;292.0
0;64500;BANANAS;4895;22;;;;;4901;2;4902;20;;;4898.0;68.703125
0;64600;PEARLS;9996;2;9995;27;;;10004;2;10005;27;;;10000.0;292.0
0;64600;BANANAS;4895;29;;;;;4901;2;4902;27;;;4898.0;68.78125
0;64700;PEARLS;10002;1;9996;1;9995;28;10004;1;10005;28;;;10003.0;292.0
0;64700;BANANAS;4895;29;;;;;4902;29;;;;;4898.5;67.640625
0;64800;PEARLS;9996;1;9995;20;;;10004;1;10005;20;;;10000.0;294.0
0;64800;BANANAS;4895;20;;;;;4902;21;;;;;4898.5;67.51171875
0;64900;PEARLS;9996;2;9995;30;;;9998;4;10002;10;10004;2;9997.0;294.0
0;64900;BANANAS;4895;32;;;;;4900;10;4902;32;;;4897.5;68.30078125
0;65000;PEARLS;9996;1;9995;26;;;10002;5;10004;1;10005;26;9999.0;302.0
0;65000;BANANAS;4895;27;;;;;4900;4;4902;27;;;4897.5;67.05078125
0;65100;PEARLS;9998;10;9996;1;9995;25;10004;1;10005;25;;;10001.0;302.0
0;65100;BANANAS;4896;10;4895;26;;;4902;26;;;;;4899.0;68.3984375
0;65200;PEARLS;9996;1;9995;28;;;10002;6;10004;1;10005;28;9999.0;302.0
0;65200;BANANAS;4895;28;;;;;4900;6;4901;29;;;4897.5;70.51171875
0;65300;PEARLS;9995;29;;;;;10002;9;10005;29;;;9998.5;302.0
0;65300;BANANAS;4894;29;;;;;4899;9;4901;29;;;4896.5;72.29296875
0;65400;PEARLS;9998;10;9995;21;;;10005;21;;;;;10001.5;302.0
0;65400;BANANAS;4900;1;4895;10;4894;21;4901;21;;;;;4900.5;73.45703125
0;65500;PEARLS;9995;20;;;;;10005;20;;;;;10000.0;282.0
0;65500;BANANAS;4894;20;;;;;4901;20;;;;;4897.5;75.6953125
0;65600;PEARLS;9998;3;9995;20;;;10005;20;;;;;10001.5;282.0
0;65600;BANANAS;4895;3;4894;20;;;4901;20;;;;;4898.0;81.3203125
0;65700;PEARLS;9995;24;;;;;10005;24;;;;;10000.0;276.0
0;65700;BANANAS;4894;23;;;;;4901;24;;;;;4897.5;78.1015625
0;65800;PEARLS;10002;4;9995;30;;;10005;30;;;;;10003.5;276.0
0;65800;BANANAS;4894;30;;;;;4901;30;;;;;4897.5;79.515625
0;65900;PEARLS;9996;2;9995;24;;;10004;2;10005;24;;;10000.0;284.0
0;65900;BANANAS;4895;2;4894;24;;;4901;26;;;;;4898.0;75.66015625
0;66000;PEARLS;9996;1;9995;24;;;10004;1;10005;24;;;10000.0;284.0
0;66000;BANANAS;4897;6;4894;25;;;4901;25;;;;;4899.0;76.9296875
0;66100;PEARLS;9996;2;9995;23;;;10004;2;10005;23;;;10000.0;284.0
0;66100;BANANAS;4899;1;4894;2;4893;23;4900;25;;;;;4899.5;83.046875
0;66200;PEARLS;10002;1;9996;1;9995;22;10004;1;10005;22;;;10003.0;284.0
0;66200;BANANAS;4894;23;;;;;4900;1;4901;22;;;4897.0;81.62109375
0;66300;PEARLS;10000;3;9995;20;;;10002;5;10005;20;;;10001.0;286.0
0;66300;BANANAS;4898;6;4893;20;;;4900;20;;;;;4899.0;86.79296875
0;66400;PEARLS;9996;2;9995;24;;;10004;2;10005;24;;;10000.0;286.0
0;66400;BANANAS;4893;26;;;;;4899;26;;;;;4896.0;93.56640625
0;66500;PEARLS;9996;1;9995;30;;;10004;1;10005;30;;;10000.0;286.0
0;66500;BANANAS;4897;1;4892;31;;;4898;1;4899;30;;;4897.5;101.8203125
0;66600;PEARLS;10002;3;9998;1;9996;2;10004;2;10005;29;;;10003.0;286.0
0;66600;BANANAS;4896;1;4893;1;4892;31;4898;2;4899;29;;;4897.0;99.828125
0;66700;PEARLS;9996;1;9995;25;;;10004;1;10005;25;;;10000.0;286.0
0;66700;BANANAS;4896;2;4892;26;;;4898;26;;;;;4897.0;95.19921875
0;66800;PEARLS;9996;1;9995;25;;;10004;1;10005;25;;;10000.0;286.0
0;66800;BANANAS;4891;26;;;;;4898;26;;;;;4894.5;6.640625
0;66900;PEARLS;9995;20;;;;;10005;20;;;;;10000.0;286.0
0;66900;BANANAS;4891;20;;;;;4898;20;;;;;4894.5;10.8125
0;67000;PEARLS;9998;1;9996;2;9995;22;10004;2;10005;22;;;10001.0;286.0
0;67000;BANANAS;4892;3;4891;22;;;4898;24;;;;;4895.0;11.4609375
0;67100;PEARLS;9996;1;9995;25;;;10004;1;10005;25;;;10000.0;286.0
0;67100;BANANAS;4891;26;;;;;4898;26;;;;;4894.5;9.890625
0;67200;PEARLS;9995;23;;;;;10005;23;;;;;10000.0;286.0
0;67200;BANANAS;4891;23;;;;;4898;23;;;;;4894.5;2.8125
0;67300;PEARLS;9996;1;9995;21;;;10004;1;10005;21;;;10000.0;286.0
0;67300;BANANAS;4890;21;;;;;4891;8;4897;22;;;4890.5;-5.859375
0;67400;PEARLS;9996;1;9995;28;;;10004;1;10005;28;;;10000.0;286.0
0;67400;BANANAS;4891;29;;;;;4897;1;4898;28;;;4894.0;0.515625
0;67500;BANANAS;4891;22;;;;;4898;22;;;;;4894.5;12.1171875
0;67500;PEARLS;9995;22;;;;;10005;22;;;;;10000.0;286.0
0;67600;BANANAS;4891;26;;;;;4897;26;;;;;4894.0;-1.2578125
0;67600;PEARLS;9996;1;9995;25;;;10004;1;10005;25;;;10000.0;286.0
0;67700;PEARLS;9996;2;9995;21;;;10000;3;10004;2;10005;21;9998.0;286.0
0;67700;BANANAS;4891;23;;;;;4898;23;;;;;4894.5;9.4609375
0;67800;PEARLS;9996;2;9995;30;;;10004;2;10005;30;;;10000.0;286.0
0;67800;BANANAS;4892;32;;;;;4898;32;;;;;4895.0;16.8984375
0;67900;BANANAS;4892;26;;;;;4899;26;;;;;4895.5;30.3515625
0;67900;PEARLS;9995;26;;;;;10005;26;;;;;10000.0;286.0
0;68000;BANANAS;4892;25;;;;;4897;5;4899;25;;;4894.5;23.8828125
0;68000;PEARLS;9995;25;;;;;10002;5;10005;25;;;9998.5;286.0
0;68100;PEARLS;9996;1;9995;26;;;10002;8;10004;1;10005;26;9999.0;286.0
0;68100;BANANAS;4892;27;;;;;4897;8;4898;1;4899;26;4894.5;19.46875
0;68200;PEARLS;9996;1;9995;23;;;9998;1;10004;1;10005;23;9997.0;286.0
0;68200;BANANAS;4892;24;;;;;4893;2;4898;1;4899;23;4892.5;19.5859375
0;68300;BANANAS;4891;25;;;;;4892;7;4896;4;4898;26;4891.5;13.9765625
0;68300;PEARLS;9996;1;9995;25;;;10002;4;10004;1;10005;25;9999.0;288.0
0;68400;BANANAS;4892;31;;;;;4898;31;;;;;4895.0;15.9296875
0;68400;PEARLS;10002;1;9996;1;9995;30;10004;1;10005;30;;;10003.0;288.0
0;68500;PEARLS;9996;1;9995;22;;;10004;1;10005;22;;;10000.0;290.0
0;68500;BANANAS;4897;1;4892;23;;;4899;23;;;;;4898.0;24.703125
0;68600;PEARLS;9995;27;;;;;9998;1;10005;27;;;9996.5;290.0
0;68600;BANANAS;4892;27;;;;;4899;27;;;;;4895.5;30.125
0;68700;BANANAS;4894;10;4893;22;;;4899;22;;;;;4896.5;37.1171875
0;68700;PEARLS;9998;10;9996;2;9995;20;10004;2;10005;20;;;10001.0;292.0
0;68800;BANANAS;4893;31;;;;;4898;1;4900;31;;;4895.5;49.171875
0;68800;PEARLS;9996;1;9995;30;;;10000;6;10002;1;10004;1;9998.0;292.0
0;68900;PEARLS;9998;3;9996;2;9995;23;10004;2;10005;23;;;10001.0;292.0
0;68900;BANANAS;4897;4;4894;3;4893;25;4899;2;4900;23;;;4898.0;42.2265625
0;69000;PEARLS;9996;1;9995;27;;;10004;1;10005;27;;;10000.0;292.0
0;69000;BANANAS;4893;28;;;;;4900;28;;;;;4896.5;48.765625
0;69100;PEARLS;9996;1;9995;25;;;10004;1;10005;25;;;10000.0;292.0
0;69100;BANANAS;4893;26;;;;;4900;26;;;;;4896.5;48.7578125
0;69200;PEARLS;9996;1;9995;20;;;10002;8;10004;1;10005;20;9999.0;292.0
0;69200;BANANAS;4893;21;;;;;4898;8;4899;1;4900;20;4895.5;44.5234375
0;69300;PEARLS;9996;1;9995;23;;;10004;1;10005;23;;;10000.0;292.0
0;69300;BANANAS;4893;24;;;;;4896;6;4899;1;4900;23;4894.5;42.859375
0;69400;PEARLS;9995;22;;;;;10005;22;;;;;10000.0;292.0
0;69400;BANANAS;4893;22;;;;;4900;22;;;;;4896.5;47.046875
0;69500;PEARLS;9996;1;9995;30;;;10002;8;10004;1;10005;30;9999.0;292.0
0;69500;BANANAS;4893;31;;;;;4898;8;4900;31;;;4895.5;51.1171875
0;69600;PEARLS;9996;2;9995;25;;;10004;2;10005;25;;;10000.0;292.0
0;69600;BANANAS;4893;27;;;;;4900;27;;;;;4896.5;53.7265625
0;69700;PEARLS;10002;1;9996;2;9995;24;10004;2;10005;24;;;10003.0;292.0
0;69700;BANANAS;4894;26;;;;;4901;26;;;;;4897.5;67.4921875
0;69800;PEARLS;9996;1;9995;22;;;10004;1;10005;22;;;10000.0;294.0
0;69800;BANANAS;4894;22;;;;;4901;23;;;;;4897.5;75.3671875
0;69900;PEARLS;10002;1;9998;10;9996;2;10004;2;10005;24;;;10003.0;294.0
0;69900;BANANAS;4896;10;4895;26;;;4901;2;4902;24;;;4898.5;85.0234375
0;70000;PEARLS;9996;2;9995;28;;;10004;2;10005;28;;;10000.0;296.0
0;70000;BANANAS;4895;30;;;;;4902;30;;;;;4898.5;65.859375
0;70100;PEARLS;10002;1;9995;27;;;10005;27;;;;;10003.5;296.0
0;70100;BANANAS;4895;26;;;;;4902;27;;;;;4898.5;62.7578125
0;70200;PEARLS;9996;2;9995;28;;;10004;2;10005;28;;;10000.0;298.0
0;70200;BANANAS;4896;2;4895;28;;;4902;30;;;;;4899.0;70.375
0;70300;PEARLS;9998;10;9996;1;9995;24;10004;1;10005;24;;;10001.0;298.0
0;70300;BANANAS;4896;11;4895;24;;;4902;25;;;;;4899.0;63.375
0;70400;PEARLS;10002;13;9996;2;9995;29;10004;2;10005;29;;;10003.0;298.0
0;70400;BANANAS;4895;31;;;;;4902;31;;;;;4898.5;33.8515625
0;70500;PEARLS;10002;1;9995;21;;;10005;21;;;;;10003.5;298.0
0;70500;BANANAS;4898;4;4895;21;;;4902;21;;;;;4900.0;33.90234375
0;70600;PEARLS;10002;1;10000;3;9996;1;10004;1;10005;22;;;10003.0;300.0
0;70600;BANANAS;4894;22;;;;;4901;23;;;;;4897.5;35.43359375
0;70700;PEARLS;9995;27;;;;;10005;27;;;;;10000.0;302.0
0;70700;BANANAS;4894;27;;;;;4901;27;;;;;4897.5;35.6640625
0;70800;PEARLS;9996;2;9995;20;;;9998;5;10002;8;10004;2;9997.0;302.0
0;70800;BANANAS;4895;2;4894;20;;;4899;8;4901;22;;;4897.0;36.171875
0;70900;PEARLS;9995;21;;;;;10005;21;;;;;10000.0;312.0
0;70900;BANANAS;4894;21;;;;;4895;1;4901;21;;;4894.5;35.734375
0;71000;PEARLS;9996;2;9995;28;;;9998;3;10004;2;10005;28;9997.0;312.0
0;71000;BANANAS;4895;8;4894;30;;;4901;30;;;;;4898.0;41.76953125
0;71100;PEARLS;9998;4;9995;30;;;10005;30;;;;;10001.5;318.0
0;71100;BANANAS;4896;4;4895;30;;;4902;30;;;;;4899.0;36.51171875
0;71200;PEARLS;9996;1;9995;27;;;9998;1;10004;1;10005;27;9997.0;318.0
0;71200;BANANAS;4896;1;4895;27;;;4902;28;;;;;4899.0;32.427734375
0;71300;PEARLS;9996;2;9995;28;;;10004;2;10005;28;;;10000.0;320.0
0;71300;BANANAS;4896;2;4895;28;;;4902;30;;;;;4899.0;32.71875
0;71400;PEARLS;10002;2;9996;2;9995;25;10004;2;10005;25;;;10003.0;320.0
0;71400;BANANAS;4895;27;;;;;4902;27;;;;;4898.5;35.0859375
0;71500;PEARLS;9995;26;;;;;10005;26;;;;;10000.0;324.0
0;71500;BANANAS;4895;26;;;;;4902;26;;;;;4898.5;34.958984375
0;71600;PEARLS;9998;7;9996;2;9995;29;10004;2;10005;29;;;10001.0;324.0
0;71600;BANANAS;4896;7;4895;31;;;4902;31;;;;;4899.0;35.052734375
0;71700;PEARLS;9996;1;9995;25;;;9998;1;10004;1;10005;25;9997.0;324.0
0;71700;BANANAS;4895;26;;;;;4901;1;4902;25;;;4898.0;36.19921875
0;71800;PEARLS;9995;22;;;;;9998;1;10005;22;;;9996.5;326.0
0;71800;BANANAS;4894;22;;;;;4901;22;;;;;4897.5;39.0546875
0;71900;BANANAS;4894;30;;;;;4895;1;4901;30;;;4894.5;41.6328125
0;71900;PEARLS;9996;2;9995;28;;;10004;2;10005;28;;;10000.0;328.0
0;72000;PEARLS;9998;2;9996;1;9995;23;10004;1;10005;23;;;10001.0;328.0
0;72000;BANANAS;4896;6;4894;2;4893;24;4900;24;;;;;4898.0;48.64453125
0;72100;BANANAS;4893;26;;;;;4900;26;;;;;4896.5;48.888671875
0;72100;PEARLS;9996;2;9995;24;;;9998;1;10004;2;10005;24;9997.0;324.0
0;72200;PEARLS;9995;25;;;;;9998;1;10005;25;;;9996.5;324.0
0;72200;BANANAS;4892;25;;;;;4899;25;;;;;4895.5;51.939453125
0;72300;BANANAS;4893;23;;;;;4899;1;4900;22;;;4896.0;50.685546875
0;72300;PEARLS;9996;1;9995;22;;;10004;1;10005;22;;;10000.0;324.0
0;72400;PEARLS;9995;25;;;;;10005;25;;;;;10000.0;324.0
0;72400;BANANAS;4893;25;;;;;4900;25;;;;;4896.5;50.169921875
0;72500;BANANAS;4893;22;;;;;4899;2;4900;20;;;4896.0;49.734375
0;72500;PEARLS;10000;4;9996;2;9995;20;10004;2;10005;20;;;10002.0;324.0
0;72600;PEARLS;9998;8;9995;28;;;10005;28;;;;;10001.5;324.0
0;72600;BANANAS;4896;4;4893;8;4892;28;4899;28;;;;;4897.5;53.5234375
0;72700;BANANAS;4892;28;;;;;4899;28;;;;;4895.5;52.76953125
0;72700;PEARLS;9995;28;;;;;10005;28;;;;;10000.0;324.0
0;72800;PEARLS;9996;2;9995;27;;;10004;2;10005;27;;;10000.0;324.0
0;72800;BANANAS;4893;29;;;;;4899;2;4900;27;;;4896.0;50.203125
0;72900;BANANAS;4893;23;;;;;4897;4;4899;23;;;4895.0;51.1953125
0;72900;PEARLS;9996;1;9995;22;;;10002;4;10004;1;10005;22;9999.0;324.0
0;73000;PEARLS;9995;21;;;;;10005;21;;;;;10000.0;324.0
0;73000;BANANAS;4893;21;;;;;4900;21;;;;;4896.5;46.8671875
0;73100;BANANAS;4893;28;;;;;4895;2;4897;7;4899;28;4894.0;51.0234375
0;73100;PEARLS;9996;1;9995;27;;;10002;7;10004;1;10005;27;9999.0;324.0
0;73200;PEARLS;9996;1;9995;23;;;10002;7;10004;1;10005;23;9999.0;324.0
0;73200;BANANAS;4893;24;;;;;4898;7;4900;24;;;4895.5;50.31640625
0;73300;BANANAS;4893;25;;;;;4900;25;;;;;4896.5;49.703125
0;73300;PEARLS;9996;2;9995;23;;;10004;2;10005;23;;;10000.0;324.0
0;73400;PEARLS;9995;30;;;;;10002;6;10005;30;;;9998.5;324.0
0;73400;BANANAS;4893;30;;;;;4898;7;4900;30;;;4895.5;51.421875
0;73500;PEARLS;9998;6;9996;1;9995;24;10004;1;10005;24;;;10001.0;324.0
0;73500;BANANAS;4898;12;4894;6;4893;25;4899;25;;;;;4898.5;52.6796875
0;73600;PEARLS;9995;30;;;;;9998;1;10005;30;;;9996.5;324.0
0;73600;BANANAS;4893;30;;;;;4900;30;;;;;4896.5;74.4296875
0;73700;PEARLS;10002;4;9995;25;;;10005;25;;;;;10003.5;326.0
0;73700;BANANAS;4892;25;;;;;4899;25;;;;;4895.5;81.515625
0;73800;PEARLS;9998;1;9996;1;9995;21;10004;1;10005;21;;;10001.0;334.0
0;73800;BANANAS;4893;1;4892;22;;;4899;22;;;;;4896.0;84.2265625
0;73900;PEARLS;9995;27;;;;;10005;27;;;;;10000.0;334.0
0;73900;BANANAS;4892;27;;;;;4899;27;;;;;4895.5;80.078125
0;74000;PEARLS;10000;5;9996;2;9995;27;10004;2;10005;27;;;10002.0;334.0
0;74000;BANANAS;4892;29;;;;;4893;2;4898;2;4899;27;4892.5;90.71875
0;74100;PEARLS;9998;5;9996;1;9995;23;10004;1;10005;23;;;10001.0;334.0
0;74100;BANANAS;4892;29;;;;;4898;24;;;;;4895.0;100.953125
0;74200;PEARLS;9996;1;9995;30;;;10002;1;10004;1;10005;30;9999.0;334.0
0;74200;BANANAS;4892;1;4891;30;;;4896;1;4898;31;;;4894.0;103.734375
0;74300;PEARLS;9998;6;9996;1;9995;26;10004;1;10005;26;;;10001.0;334.0
0;74300;BANANAS;4897;1;4892;8;4891;26;4898;27;;;;;4897.5;102.328125
0;74400;PEARLS;9996;2;9995;21;;;10004;2;10005;21;;;10000.0;334.0
0;74400;BANANAS;4891;23;;;;;4898;23;;;;;4894.5;112.515625
0;74500;PEARLS;9996;2;9995;24;;;10004;2;10005;24;;;10000.0;334.0
0;74500;BANANAS;4896;1;4895;1;4891;26;4897;26;;;;;4896.5;119.796875
0;74600;PEARLS;9996;2;9995;27;;;9998;2;10004;2;10005;27;9997.0;334.0
0;74600;BANANAS;4891;2;4890;27;;;4897;29;;;;;4894.0;125.109375
0;74700;PEARLS;9996;1;9995;26;;;10004;1;10005;26;;;10000.0;338.0
0;74700;BANANAS;4890;27;;;;;4893;6;4896;1;4897;26;4891.5;136.671875
0;74800;PEARLS;9996;2;9995;24;;;10004;2;10005;24;;;10000.0;338.0
0;74800;BANANAS;4890;26;;;;;4896;26;;;;;4893.0;137.5703125
0;74900;PEARLS;9996;1;9995;27;;;10004;1;10005;27;;;10000.0;338.0
0;74900;BANANAS;4890;28;;;;;4896;1;4897;27;;;4893.0;135.796875
0;75000;PEARLS;9996;1;9995;21;;;9998;4;10004;1;10005;21;9997.0;338.0
0;75000;BANANAS;4890;22;;;;;4896;22;;;;;4893.0;138.484375
0;75100;PEARLS;9996;2;9995;26;;;10002;8;10004;2;10005;26;9999.0;346.0
0;75100;BANANAS;4890;28;;;;;4895;8;4897;28;;;4892.5;131.3125
0;75200;PEARLS;9996;1;9995;30;;;10004;1;10005;30;;;10000.0;346.0
0;75200;BANANAS;4890;31;;;;;4893;6;4897;31;;;4891.5;131.7890625
0;75300;PEARLS;9998;7;9996;1;9995;26;10004;1;10005;26;;;10001.0;346.0
0;75300;BANANAS;4892;8;4891;26;;;4898;27;;;;;4895.0;126.41796875
0;75400;PEARLS;9995;25;;;;;10005;25;;;;;10000.0;346.0
0;75400;BANANAS;4892;25;;;;;4899;25;;;;;4895.5;123.796875
0;75500;PEARLS;9996;1;9995;22;;;10004;1;10005;22;;;10000.0;346.0
0;75500;BANANAS;4892;23;;;;;4898;23;;;;;4895.0;125.830078125
0;75600;PEARLS;9996;2;9995;23;;;9998;9;10004;2;10005;23;9997.0;346.0
0;75600;BANANAS;4892;25;;;;;4898;2;4899;23;;;4895.0;124.9921875
0;75700;PEARLS;9996;2;9995;25;;;10004;2;10005;25;;;10000.0;364.0
0;75700;BANANAS;4898;1;4892;27;;;4899;27;;;;;4898.5;121.84765625
0;75800;PEARLS;9996;2;9995;26;;;10002;3;10004;2;10005;26;9999.0;364.0
0;75800;BANANAS;4892;28;;;;;4897;2;4899;28;;;4894.5;125.53125
0;75900;PEARLS;9996;2;9995;22;;;10004;2;10005;22;;;10000.0;364.0
0;75900;BANANAS;4892;24;;;;;4893;3;4898;24;;;4892.5;128.8515625
0;76000;PEARLS;9998;8;9996;1;9995;30;10004;1;10005;30;;;10001.0;364.0
0;76000;BANANAS;4893;8;4892;31;;;4898;31;;;;;4895.5;134.80859375
0;76100;PEARLS;10002;1;9995;28;;;10005;28;;;;;10003.5;364.0
0;76100;BANANAS;4892;28;;;;;4899;28;;;;;4895.5;134.0390625
0;76200;PEARLS;9998;9;9995;28;;;10005;28;;;;;10001.5;366.0
0;76200;BANANAS;4893;9;4892;28;;;4899;28;;;;;4896.0;132.84765625
0;76300;PEARLS;9998;7;9996;1;9995;21;10004;1;10005;21;;;10001.0;366.0
0;76300;BANANAS;4893;7;4892;22;;;4899;22;;;;;4896.0;132.9765625
0;76400;PEARLS;9995;28;;;;;10005;28;;;;;10000.0;366.0
0;76400;BANANAS;4892;28;;;;;4899;28;;;;;4895.5;131.46875
0;76500;BANANAS;4893;28;;;;;4900;28;;;;;4896.5;130.431640625
0;76500;PEARLS;10000;2;9995;28;;;10005;28;;;;;10002.5;366.0
0;76600;BANANAS;4893;29;;;;;4900;29;;;;;4896.5;129.4921875
0;76600;PEARLS;9995;29;;;;;10005;29;;;;;10000.0;366.0
0;76700;PEARLS;9998;9;9996;1;9995;30;10004;1;10005;30;;;10001.0;366.0
0;76700;BANANAS;4896;2;4894;9;4893;31;4900;31;;;;;4898.0;129.6015625
0;76800;PEARLS;9995;25;;;;;10002;6;10005;25;;;9998.5;366.0
0;76800;BANANAS;4893;25;;;;;4898;6;4900;25;;;4895.5;127.37890625
0;76900;BANANAS;4894;4;4893;27;;;4900;29;;;;;4897.0;126.56640625
0;76900;PEARLS;9998;3;9996;2;9995;27;10004;2;10005;27;;;10001.0;366.0
0;77000;BANANAS;4893;28;;;;;4900;28;;;;;4896.5;114.796875
0;77000;PEARLS;9995;28;;;;;10005;28;;;;;10000.0;366.0
0;77100;PEARLS;9998;10;9995;22;;;10005;22;;;;;10001.5;366.0
0;77100;BANANAS;4895;10;4894;22;;;4900;22;;;;;4897.5;112.53515625
0;77200;PEARLS;9995;30;;;;;10005;30;;;;;10000.0;366.0
0;77200;BANANAS;4894;30;;;;;4901;30;;;;;4897.5;79.4765625
0;77300;BANANAS;4895;4;4894;25;;;4901;26;;;;;4898.0;77.8125
0;77300;PEARLS;9998;4;9996;1;9995;25;10004;1;10005;25;;;10001.0;366.0
0;77400;BANANAS;4894;29;;;;;4901;29;;;;;4897.5;81.3125
0;77400;PEARLS;9996;2;9995;27;;;10004;2;10005;27;;;10000.0;366.0
0;77500;PEARLS;9996;1;9995;23;;;10004;1;10005;23;;;10000.0;366.0
0;77500;BANANAS;4895;24;;;;;4901;24;;;;;4898.0;73.71875
0;77600;PEARLS;9998;3;9995;30;;;10005;30;;;;;10001.5;366.0
0;77600;BANANAS;4895;3;4894;30;;;4901;30;;;;;4898.0;80.046875
0;77700;BANANAS;4894;31;;;;;4901;31;;;;;4897.5;82.1875
0;77700;PEARLS;10002;1;9996;1;9995;30;10004;1;10005;30;;;10003.0;366.0
0;77800;BANANAS;4895;2;4894;31;;;4901;31;;;;;4898.0;80.515625
0;77800;PEARLS;9998;2;9996;2;9995;29;10004;2;10005;29;;;10001.0;368.0
0;77900;PEARLS;9996;2;9995;24;;;9998;1;10002;7;10004;2;9997.0;368.0
0;77900;BANANAS;4895;2;4894;24;;;4899;6;4901;26;;;4897.0;77.234375
0;78000;PEARLS;9995;21;;;;;10005;21;;;;;10000.0;370.0
0;78000;BANANAS;4894;21;;;;;4901;21;;;;;4897.5;77.0625
0;78100;PEARLS;9995;24;;;;;10005;24;;;;;10000.0;370.0
0;78100;BANANAS;4895;23;;;;;4901;24;;;;;4898.0;73.7421875
0;78200;PEARLS;10002;1;9995;24;;;10005;24;;;;;10003.5;370.0
0;78200;BANANAS;4899;1;4894;24;;;4901;24;;;;;4900.0;82.7734375
0;78300;PEARLS;9995;25;;;;;10005;25;;;;;10000.0;372.0
0;78300;BANANAS;4894;25;;;;;4900;25;;;;;4897.0;91.8984375
0;78400;PEARLS;9995;25;;;;;10005;25;;;;;10000.0;372.0
0;78400;BANANAS;4894;25;;;;;4901;25;;;;;4897.5;88.71875
0;78500;PEARLS;9996;2;9995;23;;;10004;2;10005;23;;;10000.0;372.0
0;78500;BANANAS;4894;2;4893;23;;;4900;25;;;;;4897.0;95.28125
0;78600;PEARLS;9996;2;9995;23;;;10002;5;10004;2;10005;23;9999.0;372.0
0;78600;BANANAS;4894;25;;;;;4898;5;4900;25;;;4896.0;93.0
0;78700;PEARLS;9996;1;9995;25;;;10004;1;10005;25;;;10000.0;372.0
0;78700;BANANAS;4894;1;4893;25;;;4900;26;;;;;4897.0;95.0234375
0;78800;PEARLS;9995;29;;;;;10005;29;;;;;10000.0;372.0
0;78800;BANANAS;4899;3;4894;29;;;4901;29;;;;;4900.0;78.9765625
0;78900;PEARLS;9996;1;9995;25;;;9998;1;10004;1;10005;25;9997.0;372.0
0;78900;BANANAS;4894;1;4893;25;;;4900;26;;;;;4897.0;95.15625
0;79000;PEARLS;9996;1;9995;21;;;10004;1;10005;21;;;10000.0;374.0
0;79000;BANANAS;4894;22;;;;;4901;22;;;;;4897.5;79.2109375
0;79100;PEARLS;9995;20;;;;;9998;5;10005;20;;;9996.5;374.0
0;79100;BANANAS;4894;20;;;;;4901;20;;;;;4897.5;75.2734375
0;79200;PEARLS;9996;2;9995;24;;;10002;9;10004;2;10005;24;9999.0;384.0
0;79200;BANANAS;4895;26;;;;;4899;9;4901;26;;;4897.0;72.375
0;79300;PEARLS;9996;1;9995;20;;;10004;1;10005;20;;;10000.0;384.0
0;79300;BANANAS;4895;1;4894;20;;;4901;21;;;;;4898.0;75.90625
0;79400;PEARLS;9995;29;;;;;10005;29;;;;;10000.0;384.0
0;79400;BANANAS;4895;29;;;;;4902;29;;;;;4898.5;65.953125
