day;timestamp;product;bid_price_1;bid_volume_1;bid_price_2;bid_volume_2;bid_price_3;bid_volume_3;ask_price_1;ask_volume_1;ask_price_2;ask_volume_2;ask_price_3;ask_volume_3;mid_price;profit_and_loss
0;0;PEARLS;9998;9;9995;23;;;10005;23;;;;;10001.5;0.0
0;0;BANANAS;4893;9;4892;23;;;4899;23;;;;;4896.0;0.0
0;100;PEARLS;10002;1;10000;2;9998;4;10004;1;10005;21;;;10003.0;0.0
0;100;BANANAS;4897;1;4892;26;;;4898;22;;;;;4897.5;-17.60546875
0;200;PEARLS;9996;1;9995;21;;;10004;1;10005;21;;;10000.0;2.0
0;200;BANANAS;4892;22;;;;;4899;22;;;;;4895.5;-21.6171875
0;300;PEARLS;9995;26;;;;;10005;26;;;;;10000.0;2.0
0;300;BANANAS;4898;1;4893;26;;;4900;26;;;;;4899.0;-27.78125
0;400;PEARLS;9998;8;9996;2;9995;26;10004;2;10005;26;;;10001.0;2.0
0;400;BANANAS;4894;8;4893;28;;;4896;5;4899;28;;;4895.0;-24.1171875
0;500;PEARLS;9998;8;9996;1;9995;23;10004;1;10005;23;;;10001.0;2.0
0;500;BANANAS;4898;1;4894;8;4893;24;4899;24;;;;;4898.5;-39.40625
0;600;PEARLS;9996;2;9995;28;;;10004;2;10005;28;;;10000.0;2.0
0;600;BANANAS;4892;30;;;;;4899;30;;;;;4895.5;-27.9140625
0;700;PEARLS;9996;1;9995;22;;;10004;1;10005;22;;;10000.0;2.0
0;700;BANANAS;4891;22;;;;;4898;23;;;;;4894.5;-12.3359375
0;800;PEARLS;9996;1;9995;24;;;10000;3;10004;1;10005;24;9998.0;2.0
0;800;BANANAS;4894;1;4891;25;;;4898;25;;;;;4896.0;-7.03125
0;900;BANANAS;4892;1;4891;20;;;4898;21;;;;;4895.0;-14.4921875
0;900;PEARLS;9996;1;9995;20;;;9998;11;10004;1;10005;20;9997.0;2.0
0;1000;PEARLS;9996;1;9995;30;;;10004;1;10005;30;;;10000.0;24.0
0;1000;BANANAS;4891;31;;;;;4897;1;4898;30;;;4894.0;-2.234375
0;1100;BANANAS;4891;22;;;;;4896;6;4898;22;;;4893.5;-5.4296875
0;1100;PEARLS;9996;1;9995;21;;;10002;6;10004;1;10005;21;9999.0;24.0
0;1200;PEARLS;9996;1;9995;22;;;10004;1;10005;22;;;10000.0;24.0
0;1200;BANANAS;4891;22;;;;;4898;23;;;;;4894.5;-6.8984375
0;1300;BANANAS;4890;25;;;;;4897;25;;;;;4893.5;4.828125
0;1300;PEARLS;10002;1;9995;25;;;10005;25;;;;;10003.5;24.0
0;1400;PEARLS;9995;23;;;;;10000;6;10005;23;;;9997.5;26.0
0;1400;BANANAS;4890;23;;;;;4897;23;;;;;4893.5;4.90625
0;1500;BANANAS;4896;1;4891;1;4890;20;4897;21;;;;;4896.5;4.25
0;1500;PEARLS;9996;1;9995;20;;;9998;4;10004;1;10005;20;9997.0;26.0
0;1600;PEARLS;9996;2;9995;28;;;10004;2;10005;28;;;10000.0;34.0
0;1600;BANANAS;4891;30;;;;;4897;30;;;;;4894.0;3.21875
0;1700;BANANAS;4890;28;;;;;4892;2;4897;28;;;4891.0;5.8359375
0;1700;PEARLS;9995;28;;;;;10005;28;;;;;10000.0;34.0
0;1800;PEARLS;10000;4;9995;23;;;10002;10;10005;23;;;10001.0;34.0
0;1800;BANANAS;4890;23;;;;;4895;10;4897;23;;;4892.5;6.625
0;1900;BANANAS;4890;32;;;;;4891;1;4897;32;;;4890.5;12.609375
0;1900;PEARLS;9996;2;9995;30;;;10004;2;10005;30;;;10000.0;34.0
0;2000;PEARLS;9996;2;9995;21;;;10004;2;10005;21;;;10000.0;34.0
0;2000;BANANAS;4890;23;;;;;4896;2;4897;21;;;4893.0;17.078125
0;2100;BANANAS;4890;28;;;;;4896;2;4897;26;;;4893.0;20.4765625
0;2100;PEARLS;9996;2;9995;26;;;10004;2;10005;26;;;10000.0;34.0
0;2200;PEARLS;9996;1;9995;20;;;9998;4;10004;1;10005;20;9997.0;34.0
0;2200;BANANAS;4890;1;4889;20;;;4896;21;;;;;4893.0;24.375
0;2300;PEARLS;9996;2;9995;22;;;10004;2;10005;22;;;10000.0;42.0
0;2300;BANANAS;4890;2;4889;22;;;4892;1;4896;24;;;4891.0;26.328125
0;2400;PEARLS;9996;2;9995;20;;;10004;2;10005;20;;;10000.0;42.0
0;2400;BANANAS;4890;2;4889;20;;;4896;22;;;;;4893.0;26.0234375
0;2500;PEARLS;9998;3;9996;2;9995;21;10004;2;10005;21;;;10001.0;42.0
0;2500;BANANAS;4891;3;4890;23;;;4896;2;4897;21;;;4893.5;18.671875
0;2600;PEARLS;10002;1;9996;1;9995;29;10004;1;10005;29;;;10003.0;42.0
0;2600;BANANAS;4890;1;4889;29;;;4894;4;4896;30;;;4892.0;25.921875
0;2700;PEARLS;9998;7;9996;2;9995;21;10004;2;10005;21;;;10001.0;44.0
0;2700;BANANAS;4890;9;4889;21;;;4896;23;;;;;4893.0;26.1875
0;2800;PEARLS;9995;27;;;;;10005;27;;;;;10000.0;44.0
0;2800;BANANAS;4890;27;;;;;4897;27;;;;;4893.5;15.8671875
0;2900;PEARLS;9996;2;9995;20;;;10004;2;10005;20;;;10000.0;44.0
0;2900;BANANAS;4891;22;;;;;4897;22;;;;;4894.0;3.0859375
0;3000;PEARLS;9996;1;9995;29;;;10004;1;10005;29;;;10000.0;44.0
0;3000;BANANAS;4896;1;4891;30;;;4897;30;;;;;4896.5;2.265625
0;3100;PEARLS;9998;5;9996;1;9995;27;10004;1;10005;27;;;10001.0;44.0
0;3100;BANANAS;4892;6;4891;28;;;4897;1;4898;27;;;4894.5;0.671875
0;3200;PEARLS;10002;2;9995;24;;;10005;24;;;;;10003.5;44.0
0;3200;BANANAS;4891;24;;;;;4898;24;;;;;4894.5;-11.296875
0;3300;PEARLS;10002;1;9996;1;9995;24;10004;1;10005;24;;;10003.0;48.0
0;3300;BANANAS;4891;25;;;;;4897;1;4898;24;;;4894.0;-3.0390625
0;3400;PEARLS;9998;10;9996;2;9995;27;10004;2;10005;27;;;10001.0;50.0
0;3400;BANANAS;4892;10;4891;29;;;4897;2;4898;27;;;4894.5;-3.2265625
0;3500;PEARLS;9995;26;;;;;10002;10;10005;26;;;9998.5;50.0
0;3500;BANANAS;4894;4;4891;26;;;4896;10;4898;26;;;4895.0;-3.2421875
0;3600;PEARLS;9995;27;;;;;10002;8;10005;27;;;9998.5;50.0
0;3600;BANANAS;4891;27;;;;;4896;8;4898;27;;;4893.5;-0.84375
0;3700;PEARLS;9998;3;9995;25;;;10005;25;;;;;10001.5;50.0
0;3700;BANANAS;4893;4;4892;25;;;4898;25;;;;;4895.5;-17.59375
0;3800;PEARLS;9995;24;;;;;10005;24;;;;;10000.0;50.0
0;3800;BANANAS;4892;24;;;;;4899;24;;;;;4895.5;-22.7578125
0;3900;PEARLS;9996;2;9995;24;;;10004;2;10005;24;;;10000.0;50.0
0;3900;BANANAS;4892;26;;;;;4898;26;;;;;4895.0;-17.4375
0;4000;PEARLS;10002;1;9996;1;9995;30;10004;1;10005;30;;;10003.0;50.0
0;4000;BANANAS;4891;30;;;;;4898;31;;;;;4894.5;-12.9609375
0;4100;PEARLS;10000;5;9996;2;9995;22;10002;4;10004;2;10005;22;10001.0;52.0
0;4100;BANANAS;4892;24;;;;;4897;4;4899;24;;;4894.5;-28.515625
0;4200;PEARLS;10002;5;9996;1;9995;28;10004;1;10005;28;;;10003.0;52.0
0;4200;BANANAS;4893;1;4892;28;;;4899;29;;;;;4896.0;-33.3046875
0;4300;PEARLS;9995;26;;;;;10002;8;10005;26;;;9998.5;62.0
0;4300;BANANAS;4892;26;;;;;4897;8;4899;26;;;4894.5;-31.5859375
0;4400;PEARLS;9995;28;;;;;10005;28;;;;;10000.0;62.0
0;4400;BANANAS;4892;28;;;;;4899;28;;;;;4895.5;-33.171875
0;4500;PEARLS;9995;26;;;;;10005;26;;;;;10000.0;62.0
0;4500;BANANAS;4892;26;;;;;4899;26;;;;;4895.5;-34.0078125
0;4600;PEARLS;9995;21;;;;;10005;21;;;;;10000.0;62.0
0;4600;BANANAS;4892;21;;;;;4899;21;;;;;4895.5;-32.296875
0;4700;PEARLS;9998;5;9995;26;;;10005;26;;;;;10001.5;62.0
0;4700;BANANAS;4893;5;4892;26;;;4899;26;;;;;4896.0;-31.1640625
0;4800;PEARLS;9996;1;9995;22;;;10004;1;10005;22;;;10000.0;62.0
0;4800;BANANAS;4898;1;4893;1;4892;22;4899;23;;;;;4898.5;-34.5546875
0;4900;PEARLS;9996;2;9995;22;;;10004;2;10005;22;;;10000.0;62.0
0;4900;BANANAS;4893;24;;;;;4899;24;;;;;4896.0;-36.875
0;5000;PEARLS;9998;9;9996;1;9995;30;10004;1;10005;30;;;10001.0;62.0
0;5000;BANANAS;4893;10;4892;30;;;4899;31;;;;;4896.0;-34.0859375
0;5100;PEARLS;9995;26;;;;;10005;26;;;;;10000.0;62.0
0;5100;BANANAS;4893;26;;;;;4899;26;;;;;4896.0;-38.46875
0;5200;PEARLS;10000;5;9998;7;9996;2;10004;2;10005;23;;;10002.0;62.0
0;5200;BANANAS;4894;7;4893;25;;;4900;25;;;;;4897.0;-46.3515625
0;5300;BANANAS;4893;22;;;;;4900;22;;;;;4896.5;-50.5
0;5300;PEARLS;9995;22;;;;;9998;12;10005;22;;;9996.5;62.0
0;5400;BANANAS;4894;30;;;;;4901;30;;;;;4897.5;-69.546875
0;5400;PEARLS;9995;30;;;;;10005;30;;;;;10000.0;86.0
0;5500;PEARLS;9996;1;9995;28;;;10004;1;10005;28;;;10000.0;86.0
0;5500;BANANAS;4895;1;4894;28;;;4901;29;;;;;4898.0;-72.4609375
0;5600;PEARLS;9998;2;9996;2;9995;23;10004;2;10005;23;;;10001.0;86.0
0;5600;BANANAS;4896;2;4895;25;;;4901;2;4902;23;;;4898.5;-82.046875
0;5700;BANANAS;4899;4;4895;31;;;4901;31;;;;;4900.0;-77.421875
0;5700;PEARLS;9996;1;9995;30;;;10004;1;10005;30;;;10000.0;86.0
0;5800;BANANAS;4894;30;;;;;4897;2;4901;30;;;4895.5;-70.84375
0;5800;PEARLS;9996;2;9995;28;;;10004;2;10005;28;;;10000.0;86.0
0;5900;PEARLS;9996;2;9995;21;;;10004;2;10005;21;;;10000.0;86.0
0;5900;BANANAS;4895;23;;;;;4901;23;;;;;4898.0;-75.734375
0;6000;PEARLS;9995;30;;;;;10002;10;10005;30;;;9998.5;86.0
0;6000;BANANAS;4894;30;;;;;4899;10;4901;30;;;4896.5;-73.21875
0;6100;BANANAS;4895;1;4894;24;;;4901;25;;;;;4898.0;-71.828125
0;6100;PEARLS;9996;1;9995;24;;;10004;1;10005;24;;;10000.0;86.0
0;6200;BANANAS;4900;1;4895;4;4894;29;4901;30;;;;;4900.5;-71.625
0;6200;PEARLS;9998;3;9996;1;9995;29;10004;1;10005;29;;;10001.0;86.0
0;6300;PEARLS;9995;22;;;;;10005;22;;;;;10000.0;86.0
0;6300;BANANAS;4894;22;;;;;4897;3;4901;22;;;4895.5;-61.6484375
0;6400;PEARLS;9996;1;9995;23;;;10002;6;10004;1;10005;23;9999.0;86.0
0;6400;BANANAS;4894;24;;;;;4897;2;4899;6;4901;24;4895.5;-62.3984375
0;6500;BANANAS;4894;22;;;;;4901;22;;;;;4897.5;-64.109375
0;6500;PEARLS;9995;22;;;;;10005;22;;;;;10000.0;86.0
0;6600;BANANAS;4894;29;;;;;4901;29;;;;;4897.5;-61.1484375
0;6600;PEARLS;9996;2;9995;27;;;10004;2;10005;27;;;10000.0;86.0
0;6700;PEARLS;9996;1;9995;30;;;10004;1;10005;30;;;10000.0;86.0
0;6700;BANANAS;4894;31;;;;;4900;1;4901;30;;;4897.0;-58.9921875
0;6800;PEARLS;10000;5;9996;2;9995;29;10004;2;10005;29;;;10002.0;86.0
0;6800;BANANAS;4893;30;;;;;4899;2;4900;29;;;4896.0;-45.1875
0;6900;PEARLS;9996;2;9995;27;;;10004;2;10005;27;;;10000.0;86.0
0;6900;BANANAS;4893;29;;;;;4900;29;;;;;4896.5;-48.0234375
0;7000;PEARLS;9996;1;9995;30;;;10004;1;10005;30;;;10000.0;86.0
0;7000;BANANAS;4894;1;4893;30;;;4900;31;;;;;4897.0;-52.5234375
0;7100;PEARLS;9996;1;9995;30;;;9998;5;10002;7;10004;1;9997.0;86.0
0;7100;BANANAS;4893;31;;;;;4898;7;4900;31;;;4895.5;-49.9921875
0;7200;PEARLS;9996;1;9995;22;;;10002;1;10004;1;10005;22;9999.0;96.0
0;7200;BANANAS;4893;23;;;;;4898;2;4899;1;4900;22;4895.5;-57.08984375
0;7300;PEARLS;9996;1;9995;25;;;10004;1;10005;25;;;10000.0;96.0
0;7300;BANANAS;4893;26;;;;;4900;26;;;;;4896.5;-60.876953125
0;7400;PEARLS;10002;1;9995;22;;;10005;22;;;;;10003.5;96.0
0;7400;BANANAS;4894;22;;;;;4901;22;;;;;4897.5;-64.79296875
0;7500;PEARLS;9995;29;;;;;10005;29;;;;;10000.0;98.0
0;7500;BANANAS;4894;29;;;;;4901;29;;;;;4897.5;-67.08984375
0;7600;PEARLS;10002;1;9995;27;;;10005;27;;;;;10003.5;98.0
0;7600;BANANAS;4894;27;;;;;4901;27;;;;;4897.5;-68.015625
0;7700;PEARLS;9996;1;9995;25;;;10002;5;10004;1;10005;25;9999.0;100.0
0;7700;BANANAS;4894;26;;;;;4899;5;4901;26;;;4896.5;-67.3203125
0;7800;PEARLS;9995;23;;;;;10005;23;;;;;10000.0;100.0
0;7800;BANANAS;4894;23;;;;;4901;23;;;;;4897.5;-67.740234375
0;7900;PEARLS;9996;2;9995;22;;;10002;7;10004;2;10005;22;9999.0;100.0
0;7900;BANANAS;4895;24;;;;;4900;7;4901;2;4902;22;4897.5;-69.50390625
0;8000;PEARLS;10000;3;9996;2;9995;28;10004;2;10005;28;;;10002.0;100.0
0;8000;BANANAS;4901;1;4896;30;;;4902;30;;;;;4901.5;-74.12109375
0;8100;PEARLS;9995;25;;;;;10005;25;;;;;10000.0;100.0
0;8100;BANANAS;4896;25;;;;;4902;25;;;;;4899.0;-72.36328125
0;8200;PEARLS;9996;2;9995;25;;;10004;2;10005;25;;;10000.0;100.0
0;8200;BANANAS;4899;4;4896;27;;;4903;27;;;;;4901.0;-76.072265625
0;8300;PEARLS;9998;9;9995;28;;;10005;28;;;;;10001.5;100.0
0;8300;BANANAS;4897;9;4896;28;;;4903;28;;;;;4900.0;-80.63671875
0;8400;PEARLS;9998;5;9995;29;;;10005;29;;;;;10001.5;100.0
0;8400;BANANAS;4898;5;4897;29;;;4904;29;;;;;4901.0;-83.375
0;8500;PEARLS;9996;2;9995;25;;;10004;2;10005;25;;;10000.0;100.0
0;8500;BANANAS;4901;3;4897;2;4896;25;4903;27;;;;;4902.0;-89.2734375
0;8600;PEARLS;9996;2;9995;27;;;10004;2;10005;27;;;10000.0;100.0
0;8600;BANANAS;4896;29;;;;;4903;29;;;;;4899.5;-76.5
0;8700;PEARLS;9996;2;9995;22;;;10004;2;10005;22;;;10000.0;100.0
0;8700;BANANAS;4901;1;4896;24;;;4903;24;;;;;4902.0;-79.484375
0;8800;PEARLS;9996;1;9995;30;;;10004;1;10005;30;;;10000.0;100.0
0;8800;BANANAS;4896;31;;;;;4902;1;4903;30;;;4899.0;-72.3671875
0;8900;PEARLS;9995;26;;;;;10005;26;;;;;10000.0;100.0
0;8900;BANANAS;4896;26;;;;;4903;26;;;;;4899.5;-70.9375
0;9000;PEARLS;9995;23;;;;;10005;23;;;;;10000.0;100.0
0;9000;BANANAS;4895;23;;;;;4902;23;;;;;4898.5;-65.296875
0;9100;PEARLS;9995;22;;;;;9998;1;10005;22;;;9996.5;100.0
0;9100;BANANAS;4896;22;;;;;4897;5;4903;22;;;4896.5;-76.65625
0;9200;PEARLS;9996;2;9995;25;;;10004;2;10005;25;;;10000.0;102.0
0;9200;BANANAS;4896;27;;;;;4903;27;;;;;4899.5;-64.890625
0;9300;PEARLS;10002;11;9998;1;9996;1;10004;1;10005;29;;;10003.0;102.0
0;9300;BANANAS;4896;2;4895;29;;;4902;30;;;;;4899.0;-57.171875
0;9400;PEARLS;10002;1;9996;2;9995;28;10004;2;10005;28;;;10003.0;124.0
0;9400;BANANAS;4895;30;;;;;4902;30;;;;;4898.5;-53.1875
0;9500;PEARLS;10002;1;9996;2;9995;24;10004;2;10005;24;;;10003.0;126.0
0;9500;BANANAS;4896;26;;;;;4902;2;4903;24;;;4899.0;-60.78125
0;9600;PEARLS;9996;1;9995;20;;;10002;6;10004;1;10005;20;9999.0;128.0
0;9600;BANANAS;4896;21;;;;;4900;6;4902;21;;;4898.0;-59.3125
0;9700;BANANAS;4896;31;;;;;4902;1;4903;30;;;4899.0;-61.3984375
0;9700;PEARLS;9996;1;9995;30;;;10000;4;10004;1;10005;30;9998.0;128.0
0;9800;PEARLS;9998;1;9996;2;9995;24;10004;2;10005;24;;;10001.0;128.0
0;9800;BANANAS;4896;1;4895;26;;;4902;26;;;;;4899.0;-54.7109375
0;9900;BANANAS;4895;24;;;;;4896;9;4902;24;;;4895.5;-55.8515625
0;9900;PEARLS;9995;24;;;;;10005;24;;;;;10000.0;128.0
0;10000;PEARLS;9995;27;;;;;10005;27;;;;;10000.0;128.0
0;10000;BANANAS;4895;27;;;;;4902;27;;;;;4898.5;-29.81640625
0;10100;BANANAS;4895;21;;;;;4902;21;;;;;4898.5;-30.271484375
0;10100;PEARLS;10002;4;9996;1;9995;20;10004;1;10005;20;;;10003.0;128.0
0;10200;PEARLS;9995;20;;;;;10005;20;;;;;10000.0;136.0
0;10200;BANANAS;4895;20;;;;;4902;20;;;;;4898.5;-28.111328125
0;10300;BANANAS;4895;25;;;;;4901;1;4902;24;;;4898.0;-28.30859375
0;10300;PEARLS;9996;1;9995;24;;;10004;1;10005;24;;;10000.0;136.0
0;10400;PEARLS;9995;25;;;;;10005;25;;;;;10000.0;136.0
0;10400;BANANAS;4895;25;;;;;4902;25;;;;;4898.5;-29.345703125
0;10500;BANANAS;4895;26;;;;;4901;26;;;;;4898.0;-27.119140625
0;10500;PEARLS;9995;26;;;;;10005;26;;;;;10000.0;136.0
0;10600;PEARLS;9995;20;;;;;10005;20;;;;;10000.0;136.0
0;10600;BANANAS;4895;20;;;;;4902;20;;;;;4898.5;-28.82421875
0;10700;BANANAS;4895;24;;;;;4902;24;;;;;4898.5;-28.0703125
0;10700;PEARLS;9995;24;;;;;9998;3;10005;24;;;9996.5;136.0
0;10800;PEARLS;9995;23;;;;;10002;1;10005;23;;;9998.5;142.0
0;10800;BANANAS;4895;23;;;;;4900;1;4902;23;;;4897.5;-28.4921875
0;10900;BANANAS;4895;1;4894;22;;;4901;23;;;;;4898.0;-25.810546875
0;10900;PEARLS;9996;1;9995;22;;;10000;6;10004;1;10005;22;9998.0;142.0
0;11000;PEARLS;9996;1;9995;26;;;10004;1;10005;26;;;10000.0;142.0
0;11000;BANANAS;4894;27;;;;;4895;9;4900;1;4901;26;4894.5;-22.96875
0;11100;BANANAS;4894;31;;;;;4899;1;4900;1;4901;30;4896.5;-3.62109375
0;11100;PEARLS;9996;1;9995;30;;;10002;1;10004;1;10005;30;9999.0;142.0
0;11200;PEARLS;9996;2;9995;28;;;10004;2;10005;28;;;10000.0;142.0
0;11200;BANANAS;4894;30;;;;;4901;30;;;;;4897.5;-2.0859375
0;11300;PEARLS;9996;2;9995;25;;;10002;2;10004;2;10005;25;9999.0;142.0
0;11300;BANANAS;4894;27;;;;;4899;2;4900;2;4901;25;4896.5;-3.7109375
0;11400;PEARLS;9995;30;;;;;10005;30;;;;;10000.0;142.0
0;11400;BANANAS;4894;30;;;;;4901;30;;;;;4897.5;-3.140625
0;11500;PEARLS;9996;1;9995;28;;;10004;1;10005;28;;;10000.0;142.0
0;11500;BANANAS;4894;1;4893;28;;;4900;29;;;;;4897.0;-5.1875
0;11600;PEARLS;9996;2;9995;22;;;10004;2;10005;22;;;10000.0;142.0
0;11600;BANANAS;4893;2;4892;22;;;4899;24;;;;;4896.0;-8.310546875
0;11700;PEARLS;10000;4;9996;2;9995;20;10004;2;10005;20;;;10002.0;142.0
0;11700;BANANAS;4893;22;;;;;4899;2;4900;20;;;4896.0;-7.234375
0;11800;PEARLS;9998;10;9996;1;9995;21;10004;1;10005;21;;;10001.0;142.0
0;11800;BANANAS;4894;10;4893;22;;;4900;22;;;;;4897.0;-6.275390625
0;11900;PEARLS;10002;1;10000;4;9998;1;10004;1;10005;22;;;10003.0;142.0
0;11900;BANANAS;4894;1;4893;23;;;4900;23;;;;;4897.0;-5.90625
0;12000;PEARLS;9996;1;9995;27;;;10004;1;10005;27;;;10000.0;144.0
0;12000;BANANAS;4893;28;;;;;4900;28;;;;;4896.5;-6.060546875
0;12100;PEARLS;9996;2;9995;23;;;9998;8;10004;2;10005;23;9997.0;144.0
0;12100;BANANAS;4894;2;4893;23;;;4900;25;;;;;4897.0;-4.841796875
0;12200;PEARLS;9996;2;9995;23;;;10004;2;10005;23;;;10000.0;144.0
0;12200;BANANAS;4894;2;4893;23;;;4900;25;;;;;4897.0;-4.97265625
0;12300;PEARLS;9996;1;9995;24;;;10002;3;10004;1;10005;24;9999.0;144.0
0;12300;BANANAS;4893;25;;;;;4898;3;4900;25;;;4895.5;-5.736328125
0;12400;PEARLS;10002;1;9998;5;9995;29;10005;29;;;;;10003.5;144.0
0;12400;BANANAS;4894;5;4893;29;;;4900;29;;;;;4897.0;-6.84375
0;12500;PEARLS;10000;3;9996;1;9995;22;10004;1;10005;22;;;10002.0;146.0
0;12500;BANANAS;4892;23;;;;;4899;23;;;;;4895.5;-10.595703125
0;12600;PEARLS;10000;4;9995;26;;;10005;26;;;;;10002.5;146.0
0;12600;BANANAS;4892;26;;;;;4899;26;;;;;4895.5;-10.927734375
0;12700;PEARLS;10002;1;9996;1;9995;27;10004;1;10005;27;;;10003.0;146.0
0;12700;BANANAS;4892;28;;;;;4897;1;4899;28;;;4894.5;-10.154296875
0;12800;PEARLS;10000;4;9996;2;9995;28;10002;9;10004;2;10005;28;10001.0;146.0
0;12800;BANANAS;4892;30;;;;;4896;9;4898;30;;;4894.0;-14.296875
0;12900;PEARLS;9996;2;9995;21;;;10002;4;10004;2;10005;21;9999.0;146.0
0;12900;BANANAS;4892;23;;;;;4897;4;4898;2;4899;21;4894.5;-21.6328125
0;13000;PEARLS;9996;2;9995;30;;;10002;2;10004;2;10005;30;9999.0;138.0
0;13000;BANANAS;4892;32;;;;;4897;2;4899;32;;;4894.5;-20.3359375
0;13100;PEARLS;9995;21;;;;;10000;2;10005;21;;;9997.5;134.0
0;13100;BANANAS;4892;21;;;;;4899;21;;;;;4895.5;-25.65625
0;13200;PEARLS;9998;9;9996;2;9995;29;10004;2;10005;29;;;10001.0;134.0
0;13200;BANANAS;4897;1;4893;9;4892;31;4899;31;;;;;4898.0;-26.8359375
0;13300;PEARLS;10002;2;9996;1;9995;22;10004;1;10005;22;;;10003.0;134.0
0;13300;BANANAS;4893;1;4892;22;;;4899;23;;;;;4896.0;-17.796875
0;13400;PEARLS;9995;26;;;;;10005;26;;;;;10000.0;134.0
0;13400;BANANAS;4893;26;;;;;4900;26;;;;;4896.5;-5.328125
0;13500;PEARLS;9996;1;9995;24;;;10004;1;10005;24;;;10000.0;134.0
0;13500;BANANAS;4897;5;4893;25;;;4900;25;;;;;4898.5;-5.1953125
0;13600;PEARLS;9996;2;9995;24;;;10002;6;10004;2;10005;24;9999.0;134.0
0;13600;BANANAS;4893;26;;;;;4898;6;4899;2;4900;24;4895.5;-12.8515625
0;13700;PEARLS;10002;1;9995;28;;;10005;28;;;;;10003.5;134.0
0;13700;BANANAS;4897;2;4893;28;;;4899;28;;;;;4898.0;-14.875
0;13800;PEARLS;9998;1;9995;23;;;10005;23;;;;;10001.5;136.0
0;13800;BANANAS;4894;1;4893;23;;;4900;23;;;;;4897.0;-13.5
0;13900;PEARLS;9996;1;9995;20;;;10004;1;10005;20;;;10000.0;136.0
0;13900;BANANAS;4893;21;;;;;4900;21;;;;;4896.5;-7.046875
0;14000;PEARLS;10002;6;9998;1;9996;1;10004;1;10005;28;;;10003.0;136.0
0;14000;BANANAS;4894;30;;;;;4900;29;;;;;4897.0;4.1015625
0;14100;PEARLS;9996;2;9995;20;;;10002;4;10004;2;10005;20;9999.0;148.0
0;14100;BANANAS;4894;2;4893;20;;;4898;4;4900;22;;;4896.0;1.2890625
0;14200;PEARLS;9995;21;;;;;10005;21;;;;;10000.0;148.0
0;14200;BANANAS;4893;21;;;;;4900;21;;;;;4896.5;2.6953125
0;14300;BANANAS;4898;2;4894;22;;;4900;22;;;;;4899.0;5.40625
0;14300;PEARLS;9996;1;9995;21;;;10004;1;10005;21;;;10000.0;148.0
0;14400;BANANAS;4894;22;;;;;4901;23;;;;;4897.5;14.875
0;14400;PEARLS;10002;4;9996;2;9995;21;10004;2;10005;21;;;10003.0;148.0
0;14500;PEARLS;9996;1;9995;28;;;10002;10;10004;1;10005;28;9999.0;156.0
0;14500;BANANAS;4893;29;;;;;4898;10;4900;29;;;4895.5;-0.75
0;14600;PEARLS;9996;1;9995;27;;;10004;1;10005;27;;;10000.0;156.0
0;14600;BANANAS;4893;28;;;;;4894;11;4900;28;;;4893.5;-1.1640625
0;14700;BANANAS;4893;24;;;;;4900;24;;;;;4896.5;-3.5703125
0;14700;PEARLS;9996;1;9995;23;;;10004;1;10005;23;;;10000.0;156.0
0;14800;BANANAS;4894;1;4893;30;;;4896;4;4900;31;;;4895.0;2.890625
0;14800;PEARLS;9996;1;9995;30;;;9998;1;10004;1;10005;30;9997.0;156.0
0;14900;PEARLS;9996;1;9995;25;;;10002;1;10004;1;10005;25;9999.0;158.0
0;14900;BANANAS;4893;26;;;;;4898;1;4900;26;;;4895.5;-2.0859375
0;15000;PEARLS;9996;2;9995;25;;;10004;2;10005;25;;;10000.0;158.0
0;15000;BANANAS;4893;27;;;;;4894;1;4900;27;;;4893.5;0.9609375
0;15100;BANANAS;4894;21;;;;;4900;1;4901;20;;;4897.0;13.921875
0;15100;PEARLS;9996;1;9995;20;;;9998;1;10004;1;10005;20;9997.0;158.0
0;15200;BANANAS;4894;2;4893;21;;;4898;1;4900;23;;;4896.0;7.9140625
0;15200;PEARLS;10000;4;9996;2;9995;21;10002;4;10004;2;10005;21;10001.0;160.0
0;15300;PEARLS;9996;2;9995;22;;;10002;7;10004;2;10005;22;9999.0;160.0
0;15300;BANANAS;4893;24;;;;;4898;7;4900;24;;;4895.5;-0.9296875
0;15400;PEARLS;9995;30;;;;;10005;30;;;;;10000.0;160.0
0;15400;BANANAS;4893;30;;;;;4899;30;;;;;4896.0;-9.78125
0;15500;BANANAS;4892;25;;;;;4899;25;;;;;4895.5;-10.7734375
0;15500;PEARLS;9995;25;;;;;9998;11;10005;25;;;9996.5;160.0
0;15600;BANANAS;4892;23;;;;;4899;23;;;;;4895.5;-20.359375
0;15600;PEARLS;9996;1;9995;22;;;10004;1;10005;22;;;10000.0;160.0
0;15700;PEARLS;9996;2;9995;28;;;10004;2;10005;28;;;10000.0;160.0
0;15700;BANANAS;4892;30;;;;;4899;30;;;;;4895.5;-15.5859375
0;15800;PEARLS;9998;6;9996;2;9995;26;10004;2;10005;26;;;10001.0;160.0
0;15800;BANANAS;4893;6;4892;28;;;4899;28;;;;;4896.0;-17.6953125
0;15900;PEARLS;9996;1;9995;20;;;10002;8;10004;1;10005;20;9999.0;160.0
0;15900;BANANAS;4892;21;;;;;4897;8;4899;21;;;4894.5;-15.625
0;16000;PEARLS;9996;2;9995;20;;;10004;2;10005;20;;;10000.0;160.0
0;16000;BANANAS;4892;22;;;;;4893;7;4899;22;;;4892.5;-16.46875
0;16100;PEARLS;9996;1;9995;26;;;10004;1;10005;26;;;10000.0;160.0
0;16100;BANANAS;4893;27;;;;;4899;1;4900;26;;;4896.0;-5.5234375
0;16200;PEARLS;9995;27;;;;;10002;4;10005;27;;;9998.5;160.0
0;16200;BANANAS;4893;27;;;;;4894;1;4898;7;4900;27;4893.5;2.3359375
0;16300;PEARLS;9996;1;9995;21;;;10004;1;10005;21;;;10000.0;160.0
0;16300;BANANAS;4893;1;4892;21;;;4899;22;;;;;4896.0;-10.3984375
0;16400;PEARLS;9996;2;9995;25;;;10002;6;10004;2;10005;25;9999.0;160.0
0;16400;BANANAS;4893;27;;;;;4898;6;4899;2;4900;25;4895.5;-1.7578125
0;16500;PEARLS;9995;22;;;;;10005;22;;;;;10000.0;160.0
0;16500;BANANAS;4893;22;;;;;4900;22;;;;;4896.5;-0.2734375
0;16600;PEARLS;9995;26;;;;;10005;26;;;;;10000.0;160.0
0;16600;BANANAS;4893;26;;;;;4900;26;;;;;4896.5;-4.9375
0;16700;PEARLS;10002;1;9998;2;9995;25;10005;25;;;;;10003.5;160.0
0;16700;BANANAS;4894;2;4893;25;;;4900;25;;;;;4897.0;1.21875
0;16800;PEARLS;10000;2;9996;2;9995;25;10004;2;10005;25;;;10002.0;162.0
0;16800;BANANAS;4893;27;;;;;4900;27;;;;;4896.5;6.2890625
0;16900;PEARLS;9996;2;9995;22;;;10004;2;10005;22;;;10000.0;162.0
0;16900;BANANAS;4894;2;4893;22;;;4900;24;;;;;4897.0;9.390625
0;17000;PEARLS;9996;1;9995;25;;;10004;1;10005;25;;;10000.0;162.0
0;17000;BANANAS;4894;1;4893;25;;;4900;26;;;;;4897.0;8.484375
0;17100;PEARLS;9996;1;9995;26;;;10004;1;10005;26;;;10000.0;162.0
0;17100;BANANAS;4894;1;4893;26;;;4900;27;;;;;4897.0;7.609375
0;17200;PEARLS;9996;1;9995;27;;;10004;1;10005;27;;;10000.0;162.0
0;17200;BANANAS;4893;28;;;;;4900;28;;;;;4896.5;4.8359375
0;17300;PEARLS;9996;1;9995;27;;;10004;1;10005;27;;;10000.0;162.0
0;17300;BANANAS;4894;28;;;;;4900;28;;;;;4897.0;12.359375
0;17400;PEARLS;9995;25;;;;;9998;11;10005;25;;;9996.5;162.0
0;17400;BANANAS;4893;25;;;;;4900;25;;;;;4896.5;2.6484375
0;17500;PEARLS;9996;2;9995;26;;;10004;2;10005;26;;;10000.0;162.0
0;17500;BANANAS;4894;28;;;;;4900;2;4901;26;;;4897.0;16.6875
0;17600;PEARLS;9996;1;9995;29;;;10004;1;10005;29;;;10000.0;162.0
0;17600;BANANAS;4895;1;4894;29;;;4901;30;;;;;4898.0;28.46875
0;17700;PEARLS;9998;2;9995;22;;;10005;22;;;;;10001.5;162.0
0;17700;BANANAS;4895;2;4894;22;;;4901;22;;;;;4898.0;26.328125
0;17800;PEARLS;9996;2;9995;30;;;9998;3;10002;5;10004;2;9997.0;162.0
0;17800;BANANAS;4894;32;;;;;4899;5;4901;32;;;4896.5;26.0546875
0;17900;PEARLS;9995;21;;;;;9998;1;10002;3;10005;21;9996.5;168.0
0;17900;BANANAS;4894;21;;;;;4899;2;4901;21;;;4896.5;28.6328125
0;18000;PEARLS;9995;24;;;;;10005;24;;;;;10000.0;170.0
0;18000;BANANAS;4895;24;;;;;4901;24;;;;;4898.0;33.84375
0;18100;PEARLS;9996;2;9995;28;;;10004;2;10005;28;;;10000.0;170.0
0;18100;BANANAS;4895;30;;;;;4901;2;4902;28;;;4898.0;35.1953125
0;18200;PEARLS;9996;2;9995;23;;;10002;10;10004;2;10005;23;9999.0;170.0
0;18200;BANANAS;4895;2;4894;23;;;4899;10;4901;25;;;4897.0;30.75
0;18300;PEARLS;9995;20;;;;;10005;20;;;;;10000.0;170.0
0;18300;BANANAS;4894;20;;;;;4901;20;;;;;4897.5;22.5625
0;18400;PEARLS;9996;1;9995;21;;;10004;1;10005;21;;;10000.0;170.0
0;18400;BANANAS;4899;1;4894;22;;;4900;1;4901;21;;;4899.5;19.0625
0;18500;PEARLS;9996;2;9995;21;;;10004;2;10005;21;;;10000.0;170.0
0;18500;BANANAS;4899;1;4894;2;4893;21;4900;23;;;;;4899.5;12.0234375
0;18600;PEARLS;9996;1;9995;21;;;10004;1;10005;21;;;10000.0;170.0
0;18600;BANANAS;4894;1;4893;21;;;4900;22;;;;;4897.0;15.5625
0;18700;BANANAS;4894;30;;;;;4901;30;;;;;4897.5;19.7578125
0;18700;PEARLS;10002;1;9995;30;;;10005;30;;;;;10003.5;170.0
0;18800;PEARLS;9995;24;;;;;10002;7;10005;24;;;9998.5;172.0
0;18800;BANANAS;4895;24;;;;;4899;7;4901;24;;;4897.0;34.53125
0;18900;BANANAS;4899;8;4894;25;;;4901;25;;;;;4900.0;29.421875
0;18900;PEARLS;10002;1;9995;25;;;10005;25;;;;;10003.5;172.0
0;19000;PEARLS;9996;1;9995;30;;;10004;1;10005;30;;;10000.0;174.0
0;19000;BANANAS;4894;31;;;;;4901;31;;;;;4897.5;36.6015625
0;19100;BANANAS;4894;23;;;;;4900;2;4901;21;;;4897.0;36.04296875
0;19100;PEARLS;9996;2;9995;21;;;10004;2;10005;21;;;10000.0;174.0
0;19200;PEARLS;9995;26;;;;;10002;1;10005;26;;;9998.5;174.0
0;19200;BANANAS;4894;26;;;;;4899;1;4901;26;;;4896.5;34.6640625
0;19300;BANANAS;4894;4;4893;23;;;4900;25;;;;;4897.0;31.734375
0;19300;PEARLS;9996;2;9995;23;;;9998;6;10004;2;10005;23;9997.0;174.0
0;19400;PEARLS;9996;2;9995;24;;;10002;5;10004;2;10005;24;9999.0;186.0
0;19400;BANANAS;4894;26;;;;;4899;5;4900;2;4901;24;4896.5;34.62109375
0;19500;BANANAS;4894;23;;;;;4901;23;;;;;4897.5;35.5546875
0;19500;PEARLS;9995;23;;;;;10005;23;;;;;10000.0;186.0
0;19600;PEARLS;10002;1;9998;5;9996;1;10004;1;10005;26;;;10003.0;186.0
0;19600;BANANAS;4894;27;;;;;4895;4;4900;1;4901;26;4894.5;34.9921875
0;19700;BANANAS;4894;2;4893;29;;;4900;31;;;;;4897.0;37.421875
0;19700;PEARLS;9996;2;9995;29;;;10004;2;10005;29;;;10000.0;188.0
0;19800;PEARLS;9996;2;9995;26;;;10004;2;10005;26;;;10000.0;188.0
0;19800;BANANAS;4893;28;;;;;4899;2;4900;26;;;4896.0;30.8984375
0;19900;BANANAS;4893;23;;;;;4899;1;4900;22;;;4896.0;30.9296875
0;19900;PEARLS;9996;1;9995;22;;;9998;1;10004;1;10005;22;9997.0;188.0
0;20000;PEARLS;9995;26;;;;;9998;1;10005;26;;;9996.5;190.0
0;20000;BANANAS;4893;26;;;;;4894;12;4900;26;;;4893.5;29.6953125
0;20100;PEARLS;9996;1;9995;29;;;9998;4;10004;1;10005;29;9997.0;192.0
0;20100;BANANAS;4893;1;4892;29;;;4899;30;;;;;4896.0;22.9921875
0;20200;PEARLS;10002;1;9995;20;;;10005;20;;;;;10003.5;192.0
0;20200;BANANAS;4893;20;;;;;4900;20;;;;;4896.5;28.21875
0;20300;PEARLS;10002;4;9995;24;;;10005;24;;;;;10003.5;194.0
0;20300;BANANAS;4893;24;;;;;4899;24;;;;;4896.0;26.3828125
0;20400;PEARLS;10002;2;9996;1;9995;27;10004;1;10005;27;;;10003.0;202.0
0;20400;BANANAS;4893;1;4892;27;;;4899;28;;;;;4896.0;25.75
0;20500;PEARLS;9998;7;9996;1;9995;25;10004;1;10005;25;;;10001.0;206.0
0;20500;BANANAS;4893;8;4892;25;;;4899;26;;;;;4896.0;26.015625
0;20600;PEARLS;9996;1;9995;24;;;9998;4;10002;5;10004;1;9997.0;206.0
0;20600;BANANAS;4892;25;;;;;4897;5;4899;25;;;4894.5;18.734375
0;20700;PEARLS;9995;30;;;;;10005;30;;;;;10000.0;214.0
0;20700;BANANAS;4892;30;;;;;4899;30;;;;;4895.5;15.75
0;20800;PEARLS;9996;2;9995;24;;;10004;2;10005;24;;;10000.0;214.0
0;20800;BANANAS;4891;26;;;;;4898;26;;;;;4894.5;3.703125
0;20900;PEARLS;9996;2;9995;29;;;10004;2;10005;29;;;10000.0;214.0
0;20900;BANANAS;4891;31;;;;;4892;1;4898;31;;;4891.5;7.453125
0;21000;PEARLS;9996;1;9995;25;;;10004;1;10005;25;;;10000.0;214.0
0;21000;BANANAS;4891;26;;;;;4892;13;4894;5;4897;1;4891.5;5.453125
0;21100;PEARLS;9995;28;;;;;10000;2;10005;28;;;9997.5;214.0
0;21100;BANANAS;4890;28;;;;;4897;28;;;;;4893.5;-1.0625
0;21200;PEARLS;9995;29;;;;;9998;1;10005;29;;;9996.5;214.0
0;21200;BANANAS;4896;1;4890;29;;;4897;29;;;;;4896.5;-4.5859375
0;21300;PEARLS;9995;22;;;;;10005;22;;;;;10000.0;216.0
0;21300;BANANAS;4891;22;;;;;4897;22;;;;;4894.0;3.78125
0;21400;PEARLS;9996;1;9995;29;;;10004;1;10005;29;;;10000.0;216.0
0;21400;BANANAS;4891;30;;;;;4897;1;4898;29;;;4894.0;6.078125
0;21500;PEARLS;9996;2;9995;28;;;10004;2;10005;28;;;10000.0;216.0
0;21500;BANANAS;4892;2;4891;28;;;4898;30;;;;;4895.0;14.0703125
0;21600;PEARLS;9998;5;9996;2;9995;20;10004;2;10005;20;;;10001.0;216.0
0;21600;BANANAS;4896;1;4893;5;4892;22;4899;22;;;;;4897.5;21.515625
0;21700;PEARLS;9996;2;9995;25;;;10004;2;10005;25;;;10000.0;216.0
0;21700;BANANAS;4892;27;;;;;4899;27;;;;;4895.5;23.57421875
0;21800;PEARLS;9996;1;9995;25;;;10004;1;10005;25;;;10000.0;216.0
0;21800;BANANAS;4893;1;4892;25;;;4899;26;;;;;4896.0;28.21875
0;21900;PEARLS;9995;27;;;;;10002;3;10005;27;;;9998.5;216.0
0;21900;BANANAS;4892;27;;;;;4897;3;4899;27;;;4894.5;27.69921875
0;22000;PEARLS;9996;2;9995;20;;;10004;2;10005;20;;;10000.0;216.0
0;22000;BANANAS;4892;2;4891;20;;;4898;22;;;;;4895.0;16.1640625
0;22100;PEARLS;9995;22;;;;;10005;22;;;;;10000.0;216.0
0;22100;BANANAS;4897;1;4892;22;;;4899;22;;;;;4898.0;19.09375
0;22200;PEARLS;10002;1;9995;23;;;10005;23;;;;;10003.5;216.0
0;22200;BANANAS;4892;23;;;;;4899;23;;;;;4895.5;22.12109375
0;22300;PEARLS;9996;2;9995;28;;;10004;2;10005;28;;;10000.0;218.0
0;22300;BANANAS;4892;30;;;;;4898;30;;;;;4895.0;20.7265625
0;22400;PEARLS;9996;1;9995;23;;;10002;2;10004;1;10005;23;9999.0;218.0
0;22400;BANANAS;4891;24;;;;;4896;3;4898;24;;;4893.5;15.46875
0;22500;PEARLS;9998;2;9995;27;;;10005;27;;;;;10001.5;218.0
0;22500;BANANAS;4897;1;4892;2;4891;27;4898;27;;;;;4897.5;16.4140625
0;22600;PEARLS;9998;5;9996;1;9995;25;10004;1;10005;25;;;10001.0;218.0
0;22600;BANANAS;4896;1;4892;5;4891;26;4897;1;4898;25;;;4896.5;14.19140625
0;22700;PEARLS;9996;1;9995;25;;;10002;9;10004;1;10005;25;9999.0;218.0
0;22700;BANANAS;4891;26;;;;;4896;9;4898;26;;;4893.5;18.671875
0;22800;PEARLS;10002;1;9996;1;9995;26;10004;1;10005;26;;;10003.0;218.0
0;22800;BANANAS;4892;1;4891;26;;;4898;27;;;;;4895.0;21.2890625
0;22900;PEARLS;10002;2;9996;1;9995;22;10004;1;10005;22;;;10003.0;220.0
0;22900;BANANAS;4891;22;;;;;4898;23;;;;;4894.5;20.69140625
0;23000;BANANAS;4891;21;;;;;4896;2;4897;1;4898;20;4893.5;14.8828125
0;23000;PEARLS;9996;1;9995;20;;;10002;2;10004;1;10005;20;9999.0;224.0
0;23100;PEARLS;9996;2;9995;26;;;10004;2;10005;26;;;10000.0;224.0
0;23100;BANANAS;4891;28;;;;;4897;2;4898;26;;;4894.0;15.07421875
0;23200;PEARLS;9996;1;9995;24;;;10002;4;10004;1;10005;24;9999.0;224.0
0;23200;BANANAS;4891;24;;;;;4896;4;4897;1;4898;24;4893.5;14.4375
0;23300;BANANAS;4891;23;;;;;4893;4;4897;23;;;4892.0;12.9375
0;23300;PEARLS;9996;2;9995;21;;;10004;2;10005;21;;;10000.0;224.0
0;23400;BANANAS;4891;30;;;;;4898;30;;;;;4894.5;21.7265625
0;23400;PEARLS;9996;1;9995;29;;;10004;1;10005;29;;;10000.0;224.0
0;23500;PEARLS;9996;1;9995;30;;;10004;1;10005;30;;;10000.0;224.0
0;23500;BANANAS;4896;1;4891;31;;;4898;31;;;;;4897.0;24.765625
0;23600;PEARLS;9996;2;9995;25;;;10004;2;10005;25;;;10000.0;224.0
0;23600;BANANAS;4890;27;;;;;4891;1;4897;27;;;4890.5;14.00390625
0;23700;BANANAS;4896;1;4891;1;4890;20;4897;21;;;;;4896.5;20.546875
0;23700;PEARLS;9996;1;9995;20;;;10004;1;10005;20;;;10000.0;224.0
0;23800;BANANAS;4891;22;;;;;4898;22;;;;;4894.5;27.5234375
0;23800;PEARLS;9995;22;;;;;10005;22;;;;;10000.0;224.0
0;23900;PEARLS;9995;27;;;;;10005;27;;;;;10000.0;224.0
0;23900;BANANAS;4891;27;;;;;4897;27;;;;;4894.0;23.74609375
0;24000;PEARLS;9995;29;;;;;10005;29;;;;;10000.0;224.0
0;24000;BANANAS;4890;29;;;;;4897;29;;;;;4893.5;23.12890625
0;24100;BANANAS;4890;22;;;;;4897;22;;;;;4893.5;18.67578125
0;24100;PEARLS;9996;2;9995;20;;;10004;2;10005;20;;;10000.0;224.0
0;24200;BANANAS;4891;24;;;;;4895;7;4897;24;;;4893.0;24.36328125
0;24200;PEARLS;9996;1;9995;23;;;10002;7;10004;1;10005;23;9999.0;224.0
0;24300;PEARLS;10002;1;9995;27;;;10005;27;;;;;10003.5;224.0
0;24300;BANANAS;4890;27;;;;;4891;1;4897;27;;;4890.5;20.35546875
0;24400;PEARLS;9996;1;9995;28;;;10004;1;10005;28;;;10000.0;226.0
0;24400;BANANAS;4890;29;;;;;4897;29;;;;;4893.5;19.875
0;24500;PEARLS;9996;2;9995;24;;;10002;10;10004;2;10005;24;9999.0;226.0
0;24500;BANANAS;4890;26;;;;;4895;10;4896;2;4897;24;4892.5;15.265625
0;24600;PEARLS;9996;2;9995;22;;;10002;10;10004;2;10005;22;9999.0;226.0
0;24600;BANANAS;4890;24;;;;;4892;2;4894;10;4896;24;4891.0;12.484375
0;24700;PEARLS;9996;2;9995;20;;;10004;2;10005;20;;;10000.0;226.0
0;24700;BANANAS;4893;6;4890;22;;;4896;2;4897;20;;;4894.5;17.96875
0;24800;PEARLS;9995;28;;;;;10005;28;;;;;10000.0;226.0
0;24800;BANANAS;4889;28;;;;;4892;1;4896;28;;;4890.5;8.0
0;24900;PEARLS;9998;7;9995;24;;;10005;24;;;;;10001.5;226.0
0;24900;BANANAS;4890;7;4889;24;;;4896;24;;;;;4893.0;10.8125
0;25000;PEARLS;10002;1;9996;1;9995;27;10004;1;10005;27;;;10003.0;226.0
0;25000;BANANAS;4889;28;;;;;4896;28;;;;;4892.5;9.4375
0;25100;PEARLS;9998;8;9996;1;9995;26;10004;1;10005;26;;;10001.0;228.0
0;25100;BANANAS;4894;1;4890;9;4889;27;4896;27;;;;;4895.0;9.4375
0;25200;PEARLS;9996;2;9995;24;;;10000;4;10004;2;10005;24;9998.0;228.0
0;25200;BANANAS;4890;26;;;;;4896;26;;;;;4893.0;16.3125
0;25300;PEARLS;9998;9;9996;1;9995;21;10004;1;10005;21;;;10001.0;228.0
0;25300;BANANAS;4890;10;4889;21;;;4896;22;;;;;4893.0;11.5703125
0;25400;PEARLS;10002;3;9996;2;9995;27;10004;2;10005;27;;;10003.0;228.0
0;25400;BANANAS;4889;29;;;;;4896;29;;;;;4892.5;5.2734375
0;25500;PEARLS;9996;1;9995;23;;;10004;1;10005;23;;;10000.0;234.0
0;25500;BANANAS;4889;24;;;;;4896;24;;;;;4892.5;5.390625
0;25600;PEARLS;9995;24;;;;;10005;24;;;;;10000.0;234.0
0;25600;BANANAS;4889;24;;;;;4895;24;;;;;4892.0;-0.8203125
0;25700;PEARLS;9996;1;9995;24;;;10004;1;10005;24;;;10000.0;234.0
0;25700;BANANAS;4889;25;;;;;4895;1;4896;24;;;4892.0;1.1796875
0;25800;PEARLS;10002;1;9996;2;9995;27;10004;2;10005;27;;;10003.0;234.0
0;25800;BANANAS;4889;29;;;;;4895;29;;;;;4892.0;-0.2265625
0;25900;PEARLS;9996;2;9995;27;;;10004;2;10005;27;;;10000.0;236.0
0;25900;BANANAS;4888;29;;;;;4895;29;;;;;4891.5;-6.796875
0;26000;PEARLS;9995;27;;;;;10005;27;;;;;10000.0;236.0
0;26000;BANANAS;4894;1;4888;27;;;4895;27;;;;;4894.5;-7.375
0;26100;PEARLS;10002;1;9998;3;9996;1;10004;1;10005;24;;;10003.0;236.0
0;26100;BANANAS;4894;1;4889;4;4888;24;4895;25;;;;;4894.5;-3.1015625
0;26200;PEARLS;10002;1;9996;2;9995;27;10004;2;10005;27;;;10003.0;238.0
0;26200;BANANAS;4891;3;4888;29;;;4894;2;4895;27;;;4892.5;-10.109375
0;26300;PEARLS;9996;1;9995;25;;;10002;1;10004;1;10005;25;9999.0;240.0
0;26300;BANANAS;4888;26;;;;;4889;1;4893;5;4895;26;4888.5;-4.4140625
0;26400;PEARLS;9995;27;;;;;10005;27;;;;;10000.0;240.0
0;26400;BANANAS;4888;27;;;;;4895;27;;;;;4891.5;-8.1328125
0;26500;PEARLS;9996;1;9995;21;;;10004;1;10005;21;;;10000.0;240.0
0;26500;BANANAS;4888;22;;;;;4895;22;;;;;4891.5;-2.7578125
0;26600;PEARLS;9996;2;9995;29;;;9998;4;10004;2;10005;29;9997.0;240.0
0;26600;BANANAS;4888;31;;;;;4894;2;4895;29;;;4891.0;-8.6640625
0;26700;PEARLS;9995;26;;;;;10005;26;;;;;10000.0;248.0
0;26700;BANANAS;4893;1;4888;26;;;4895;26;;;;;4894.0;-8.8046875
0;26800;PEARLS;10002;1;9998;7;9995;20;10005;20;;;;;10003.5;248.0
0;26800;BANANAS;4889;7;4888;20;;;4895;20;;;;;4892.0;-8.6015625
0;26900;PEARLS;9995;22;;;;;10005;22;;;;;10000.0;250.0
0;26900;BANANAS;4888;22;;;;;4895;22;;;;;4891.5;1.640625
0;27000;PEARLS;9998;2;9996;1;9995;26;10004;1;10005;26;;;10001.0;250.0
0;27000;BANANAS;4890;2;4889;27;;;4892;5;4895;27;;;4891.0;6.765625
0;27100;PEARLS;9996;2;9995;27;;;9998;1;10002;10;10004;2;9997.0;250.0
0;27100;BANANAS;4889;2;4888;27;;;4893;9;4895;29;;;4891.0;3.84375
0;27200;PEARLS;9998;3;9996;2;9995;23;10004;2;10005;23;;;10001.0;252.0
0;27200;BANANAS;4894;1;4890;3;4889;25;4895;25;;;;;4894.5;6.5
0;27300;PEARLS;9995;25;;;;;10002;8;10005;25;;;9998.5;252.0
0;27300;BANANAS;4889;24;;;;;4893;8;4895;25;;;4891.0;8.0234375
0;27400;PEARLS;9996;1;9995;22;;;9998;3;10004;1;10005;22;9997.0;252.0
0;27400;BANANAS;4889;23;;;;;4895;23;;;;;4892.0;7.59375
0;27500;BANANAS;4888;30;;;;;4895;30;;;;;4891.5;3.1953125
0;27500;PEARLS;9995;30;;;;;10005;30;;;;;10000.0;258.0
0;27600;PEARLS;9996;2;9995;26;;;10002;4;10004;2;10005;26;9999.0;258.0
0;27600;BANANAS;4888;28;;;;;4893;3;4895;28;;;4890.5;2.984375
0;27700;BANANAS;4888;32;;;;;4895;32;;;;;4891.5;2.65625
0;27700;PEARLS;9996;2;9995;30;;;10004;2;10005;30;;;10000.0;258.0
0;27800;PEARLS;9998;2;9996;2;9995;20;10004;2;10005;20;;;10001.0;258.0
0;27800;BANANAS;4889;5;4888;22;;;4894;2;4895;20;;;4891.5;-3.7890625
0;27900;BANANAS;4888;29;;;;;4895;29;;;;;4891.5;-2.8515625
0;27900;PEARLS;9995;29;;;;;10005;29;;;;;10000.0;258.0
0;28000;PEARLS;9995;22;;;;;10005;22;;;;;10000.0;258.0
0;28000;BANANAS;4888;22;;;;;4894;22;;;;;4891.0;-6.046875
0;28100;BANANAS;4888;21;;;;;4895;21;;;;;4891.5;0.65625
0;28100;PEARLS;9996;1;9995;20;;;10004;1;10005;20;;;10000.0;258.0
0;28200;PEARLS;9995;23;;;;;10005;23;;;;;10000.0;258.0
0;28200;BANANAS;4887;23;;;;;4890;1;4894;23;;;4888.5;-10.546875
0;28300;BANANAS;4888;30;;;;;4894;30;;;;;4891.0;-6.3125
0;28300;PEARLS;9996;2;9995;28;;;10004;2;10005;28;;;10000.0;258.0
0;28400;PEARLS;9995;20;;;;;10002;8;10005;20;;;9998.5;258.0
0;28400;BANANAS;4887;20;;;;;4892;8;4894;20;;;4889.5;-14.9453125
0;28500;BANANAS;4887;30;;;;;4888;1;4894;30;;;4887.5;-13.8125
0;28500;PEARLS;9996;2;9995;28;;;10004;2;10005;28;;;10000.0;258.0
0;28600;PEARLS;9996;2;9995;26;;;10000;5;10002;5;10004;2;9998.0;258.0
0;28600;BANANAS;4887;28;;;;;4888;1;4892;5;4894;28;4887.5;-11.59375
0;28700;BANANAS;4888;7;4887;24;;;4893;2;4894;22;;;4890.5;-16.3046875
0;28700;PEARLS;9998;8;9996;2;9995;22;10004;2;10005;22;;;10001.0;258.0
0;28800;PEARLS;9995;21;;;;;10002;8;10005;21;;;9998.5;258.0
0;28800;BANANAS;4886;21;;;;;4891;8;4893;21;;;4888.5;-21.8203125
0;28900;BANANAS;4887;23;;;;;4892;5;4893;1;4894;22;4889.5;-16.0078125
0;28900;PEARLS;9996;1;9995;22;;;10002;5;10004;1;10005;22;9999.0;258.0
0;29000;PEARLS;10002;1;9996;2;9995;24;10004;2;10005;24;;;10003.0;258.0
0;29000;BANANAS;4887;26;;;;;4893;2;4894;24;;;4890.0;-13.4375
0;29100;PEARLS;9995;23;;;;;10002;2;10005;23;;;9998.5;260.0
0;29100;BANANAS;4887;23;;;;;4892;2;4894;23;;;4889.5;-13.109375
0;29200;PEARLS;9996;1;9995;22;;;10004;1;10005;22;;;10000.0;260.0
0;29200;BANANAS;4887;23;;;;;4894;23;;;;;4890.5;-7.7109375
0;29300;PEARLS;9996;1;9995;22;;;10004;1;10005;22;;;10000.0;260.0
0;29300;BANANAS;4893;1;4888;1;4887;22;4894;23;;;;;4893.5;-3.53125
0;29400;PEARLS;9996;2;9995;23;;;10002;4;10004;2;10005;23;9999.0;260.0
0;29400;BANANAS;4888;2;4887;23;;;4892;5;4894;25;;;4890.0;-0.4921875
0;29500;PEARLS;9998;6;9995;20;;;10005;20;;;;;10001.5;260.0
0;29500;BANANAS;4889;5;4888;20;;;4894;20;;;;;4891.5;1.921875
0;29600;PEARLS;9996;1;9995;26;;;10000;4;10004;1;10005;26;9998.0;260.0
0;29600;BANANAS;4888;1;4887;26;;;4894;27;;;;;4891.0;-1.2734375
0;29700;PEARLS;9996;1;9995;22;;;10002;7;10004;1;10005;22;9999.0;260.0
0;29700;BANANAS;4888;23;;;;;4892;7;4894;23;;;4890.0;1.015625
0;29800;PEARLS;9995;25;;;;;10005;25;;;;;10000.0;260.0
0;29800;BANANAS;4893;1;4887;25;;;4894;25;;;;;4893.5;-4.1484375
0;29900;PEARLS;9996;2;9995;30;;;10004;2;10005;30;;;10000.0;260.0
0;29900;BANANAS;4887;32;;;;;4894;32;;;;;4890.5;-2.0234375
0;30000;PEARLS;9998;10;9996;2;9995;23;10004;2;10005;23;;;10001.0;260.0
0;30000;BANANAS;4888;10;4887;25;;;4894;25;;;;;4891.0;-2.640625
0;30100;PEARLS;9996;1;9995;20;;;10004;1;10005;20;;;10000.0;260.0
0;30100;BANANAS;4887;21;;;;;4894;21;;;;;4890.5;-2.78125
0;30200;PEARLS;9996;2;9995;28;;;9998;1;10002;8;10004;2;9997.0;260.0
0;30200;BANANAS;4887;30;;;;;4889;2;4892;8;4894;30;4888.0;-2.9609375
0;30300;PEARLS;10002;4;9996;2;9995;29;10004;2;10005;29;;;10003.0;262.0
0;30300;BANANAS;4888;2;4887;29;;;4894;31;;;;;4891.0;4.15625
0;30400;PEARLS;9995;30;;;;;10005;30;;;;;10000.0;270.0
0;30400;BANANAS;4887;30;;;;;4894;30;;;;;4890.5;4.5078125
0;30500;PEARLS;9996;2;9995;28;;;10004;2;10005;28;;;10000.0;270.0
0;30500;BANANAS;4887;30;;;;;4893;2;4894;28;;;4890.0;-4.4453125
0;30600;PEARLS;10002;1;9996;2;9995;30;10004;2;10005;30;;;10003.0;270.0
0;30600;BANANAS;4887;2;4886;30;;;4893;32;;;;;4890.0;-11.8828125
0;30700;PEARLS;9996;2;9995;27;;;10004;2;10005;27;;;10000.0;270.0
0;30700;BANANAS;4887;29;;;;;4893;29;;;;;4890.0;-9.09375
0;30800;PEARLS;9998;8;9996;2;9995;29;10004;2;10005;29;;;10001.0;270.0
0;30800;BANANAS;4888;8;4887;31;;;4893;31;;;;;4890.5;-10.1328125
0;30900;PEARLS;9995;21;;;;;10005;21;;;;;10000.0;270.0
0;30900;BANANAS;4886;21;;;;;4893;21;;;;;4889.5;-13.0390625
0;31000;PEARLS;9996;2;9995;26;;;10002;2;10004;2;10005;26;9999.0;270.0
0;31000;BANANAS;4887;28;;;;;4892;2;4893;2;4894;26;4889.5;-8.4375
0;31100;PEARLS;10002;1;9995;23;;;10005;23;;;;;10003.5;266.0
0;31100;BANANAS;4892;1;4887;23;;;4893;23;;;;;4892.5;-9.359375
0;31200;PEARLS;9996;1;9995;21;;;10002;6;10004;1;10005;21;9999.0;266.0
0;31200;BANANAS;4886;21;;;;;4891;7;4893;22;;;4888.5;-9.71875
0;31300;PEARLS;9996;2;9995;20;;;10004;2;10005;20;;;10000.0;266.0
0;31300;BANANAS;4887;2;4886;20;;;4893;22;;;;;4890.0;-9.5
0;31400;PEARLS;9995;22;;;;;10005;22;;;;;10000.0;266.0
0;31400;BANANAS;4887;22;;;;;4892;3;4894;22;;;4889.5;-2.546875
0;31500;PEARLS;9996;1;9995;21;;;10004;1;10005;21;;;10000.0;266.0
0;31500;BANANAS;4887;22;;;;;4894;22;;;;;4890.5;2.7265625
0;31600;PEARLS;9995;24;;;;;9998;3;10005;24;;;9996.5;266.0
0;31600;BANANAS;4888;24;;;;;4894;24;;;;;4891.0;10.03125
0;31700;PEARLS;9995;29;;;;;10002;3;10005;29;;;9998.5;272.0
0;31700;BANANAS;4887;29;;;;;4892;4;4894;29;;;4889.5;5.296875
0;31800;PEARLS;9996;2;9995;22;;;10002;2;10004;2;10005;22;9999.0;272.0
0;31800;BANANAS;4887;24;;;;;4892;2;4894;24;;;4889.5;2.8671875
0;31900;BANANAS;4888;2;4887;26;;;4894;28;;;;;4891.0;7.734375
0;31900;PEARLS;9996;2;9995;26;;;10004;2;10005;26;;;10000.0;272.0
0;32000;BANANAS;4887;22;;;;;4891;10;4893;22;;;4889.0;-8.3125
0;32000;PEARLS;9996;2;9995;20;;;10002;10;10004;2;10005;20;9999.0;272.0
0;32100;PEARLS;9998;9;9995;25;;;10005;25;;;;;10001.5;272.0
0;32100;BANANAS;4888;9;4887;25;;;4894;25;;;;;4891.0;-0.578125
0;32200;PEARLS;9996;1;9995;24;;;10002;5;10004;1;10005;24;9999.0;272.0
0;32200;BANANAS;4887;1;4886;24;;;4891;5;4893;25;;;4889.0;-11.75
0;32300;BANANAS;4886;32;;;;;4892;2;4893;30;;;4889.0;-21.5546875
0;32300;PEARLS;10000;3;9996;2;9995;30;10004;2;10005;30;;;10002.0;272.0
0;32400;BANANAS;4886;2;4885;29;;;4892;29;;;;;4889.0;-30.078125
0;32400;PEARLS;9998;2;9995;29;;;10005;29;;;;;10001.5;272.0
0;32500;PEARLS;10002;1;9996;2;9995;24;10004;2;10005;24;;;10003.0;272.0
0;32500;BANANAS;4885;26;;;;;4892;26;;;;;4888.5;-35.953125
0;32600;PEARLS;9998;1;9996;2;9995;26;10004;2;10005;26;;;10001.0;274.0
0;32600;BANANAS;4886;1;4885;28;;;4891;2;4892;26;;;4888.5;-38.3984375
0;32700;BANANAS;4886;32;;;;;4892;32;;;;;4889.0;-25.765625
0;32700;PEARLS;9996;2;9995;30;;;10004;2;10005;30;;;10000.0;274.0
0;32800;BANANAS;4885;29;;;;;4892;29;;;;;4888.5;-27.875
0;32800;PEARLS;9995;29;;;;;10005;29;;;;;10000.0;274.0
0;32900;PEARLS;9996;1;9995;20;;;10002;10;10004;1;10005;20;9999.0;274.0
0;32900;BANANAS;4886;1;4885;20;;;4890;10;4892;21;;;4888.0;-28.0625
0;33000;PEARLS;9998;2;9995;28;;;10005;28;;;;;10001.5;274.0
0;33000;BANANAS;4886;2;4885;28;;;4892;28;;;;;4889.0;-30.7890625
0;33100;BANANAS;4885;1;4884;25;;;4891;26;;;;;4888.0;-46.5390625
0;33100;PEARLS;9996;1;9995;25;;;10004;1;10005;25;;;10000.0;274.0
0;33200;BANANAS;4889;1;4884;24;;;4890;1;4891;23;;;4889.5;-54.1796875
0;33200;PEARLS;9996;1;9995;23;;;10004;1;10005;23;;;10000.0;274.0
0;33300;PEARLS;9996;1;9995;30;;;10002;1;10004;1;10005;30;9999.0;274.0
0;33300;BANANAS;4885;31;;;;;4890;1;4891;1;4892;30;4887.5;-37.3203125
0;33400;PEARLS;9995;20;;;;;10005;20;;;;;10000.0;274.0
0;33400;BANANAS;4885;20;;;;;4892;20;;;;;4888.5;-35.015625
0;33500;PEARLS;9996;2;9995;21;;;10002;4;10004;2;10005;21;9999.0;274.0
0;33500;BANANAS;4886;2;4885;21;;;4890;4;4892;23;;;4888.0;-28.828125
0;33600;PEARLS;9995;27;;;;;9998;2;10005;27;;;9996.5;274.0
0;33600;BANANAS;4884;27;;;;;4891;27;;;;;4887.5;-45.171875
0;33700;PEARLS;9996;1;9995;25;;;10004;1;10005;25;;;10000.0;274.0
0;33700;BANANAS;4885;1;4884;25;;;4891;26;;;;;4888.0;-47.109375
0;33800;PEARLS;9995;21;;;;;10002;4;10005;21;;;9998.5;274.0
0;33800;BANANAS;4884;21;;;;;4889;4;4891;21;;;4886.5;-48.453125
0;33900;PEARLS;9996;1;9995;27;;;10004;1;10005;27;;;10000.0;274.0
0;33900;BANANAS;4884;28;;;;;4891;28;;;;;4887.5;-47.6328125
0;34000;PEARLS;9996;2;9995;28;;;10004;2;10005;28;;;10000.0;274.0
0;34000;BANANAS;4890;1;4885;2;4884;28;4891;30;;;;;4890.5;-45.3203125
0;34100;PEARLS;9996;2;9995;25;;;10004;2;10005;25;;;10000.0;274.0
0;34100;BANANAS;4885;2;4884;25;;;4891;27;;;;;4888.0;-42.6328125
0;34200;PEARLS;9996;2;9995;30;;;10002;2;10004;2;10005;30;9999.0;274.0
0;34200;BANANAS;4885;2;4884;30;;;4889;3;4891;32;;;4887.0;-42.0546875
0;34300;PEARLS;9996;1;9995;28;;;10004;1;10005;28;;;10000.0;274.0
0;34300;BANANAS;4884;28;;;;;4891;29;;;;;4887.5;-46.4609375
0;34400;PEARLS;9996;2;9995;28;;;10004;2;10005;28;;;10000.0;274.0
0;34400;BANANAS;4884;30;;;;;4890;2;4891;28;;;4887.0;-57.9296875
0;34500;PEARLS;9996;2;9995;22;;;10004;2;10005;22;;;10000.0;274.0
0;34500;BANANAS;4884;24;;;;;4891;24;;;;;4887.5;-54.3203125
0;34600;PEARLS;9995;24;;;;;10005;24;;;;;10000.0;274.0
0;34600;BANANAS;4884;24;;;;;4891;24;;;;;4887.5;-54.953125
0;34700;PEARLS;9996;2;9995;23;;;10004;2;10005;23;;;10000.0;274.0
0;34700;BANANAS;4884;25;;;;;4891;25;;;;;4887.5;-49.125
0;34800;PEARLS;9998;3;9996;2;9995;22;10004;2;10005;22;;;10001.0;274.0
0;34800;BANANAS;4885;5;4884;22;;;4886;4;4891;24;;;4885.5;-46.796875
0;34900;PEARLS;9995;24;;;;;10005;24;;;;;10000.0;274.0
0;34900;BANANAS;4884;24;;;;;4891;24;;;;;4887.5;-55.46875
0;35000;PEARLS;9995;29;;;;;10005;29;;;;;10000.0;274.0
0;35000;BANANAS;4884;29;;;;;4891;29;;;;;4887.5;-46.578125
0;35100;PEARLS;9996;2;9995;21;;;10004;2;10005;21;;;10000.0;274.0
0;35100;BANANAS;4884;23;;;;;4890;23;;;;;4887.0;-61.84375
0;35200;PEARLS;9995;24;;;;;10005;24;;;;;10000.0;274.0
0;35200;BANANAS;4886;2;4883;24;;;4890;24;;;;;4888.0;-69.640625
0;35300;PEARLS;9998;8;9996;1;9995;22;10004;1;10005;22;;;10001.0;274.0
0;35300;BANANAS;4884;8;4883;23;;;4890;23;;;;;4887.0;-68.2890625
0;35400;PEARLS;10002;1;9996;2;9995;25;10004;2;10005;25;;;10003.0;274.0
0;35400;BANANAS;4886;2;4883;27;;;4890;27;;;;;4888.0;-69.6328125
0;35500;PEARLS;9996;2;9995;27;;;10004;2;10005;27;;;10000.0;276.0
0;35500;BANANAS;4883;29;;;;;4890;29;;;;;4886.5;-74.0078125
0;35600;PEARLS;9996;1;9995;23;;;10002;3;10004;1;10005;23;9999.0;276.0
0;35600;BANANAS;4883;24;;;;;4887;3;4889;24;;;4885.0;-81.453125
0;35700;PEARLS;9996;2;9995;29;;;10002;9;10004;2;10005;29;9999.0;276.0
0;35700;BANANAS;4883;31;;;;;4888;9;4889;2;4890;29;4885.5;-76.7421875
0;35800;PEARLS;9996;2;9995;21;;;10004;2;10005;21;;;10000.0;276.0
0;35800;BANANAS;4883;23;;;;;4889;23;;;;;4886.0;-82.2890625
0;35900;PEARLS;9996;2;9995;28;;;10004;2;10005;28;;;10000.0;276.0
0;35900;BANANAS;4883;30;;;;;4889;30;;;;;4886.0;-81.9453125
0;36000;PEARLS;9995;30;;;;;10000;2;10002;9;10005;30;9997.5;276.0
0;36000;BANANAS;4883;30;;;;;4888;9;4890;30;;;4885.5;-74.8046875
0;36100;PEARLS;9998;7;9996;2;9995;21;10004;2;10005;21;;;10001.0;276.0
0;36100;BANANAS;4884;9;4883;21;;;4890;23;;;;;4887.0;-67.5546875
0;36200;PEARLS;9998;5;9996;1;9995;29;10004;1;10005;29;;;10001.0;276.0
0;36200;BANANAS;4885;5;4884;30;;;4890;1;4891;29;;;4887.5;-56.9609375
0;36300;PEARLS;9996;1;9995;30;;;10004;1;10005;30;;;10000.0;276.0
0;36300;BANANAS;4884;31;;;;;4890;31;;;;;4887.0;-61.9375
0;36400;PEARLS;9996;1;9995;28;;;10002;8;10004;1;10005;28;9999.0;276.0
0;36400;BANANAS;4884;29;;;;;4888;8;4890;29;;;4886.0;-62.859375
0;36500;BANANAS;4884;29;;;;;4885;1;4891;29;;;4884.5;-49.921875
0;36500;PEARLS;9996;2;9995;27;;;10004;2;10005;27;;;10000.0;276.0
0;36600;PEARLS;9996;1;9995;30;;;10000;2;10004;1;10005;30;9998.0;276.0
0;36600;BANANAS;4885;1;4884;30;;;4891;31;;;;;4888.0;-42.0625
0;36700;BANANAS;4885;1;4884;21;;;4891;22;;;;;4888.0;-41.765625
0;36700;PEARLS;10002;1;9996;1;9995;21;10004;1;10005;21;;;10003.0;276.0
0;36800;PEARLS;9996;2;9995;23;;;10004;2;10005;23;;;10000.0;278.0
0;36800;BANANAS;4884;25;;;;;4885;2;4891;25;;;4884.5;-52.671875
0;36900;BANANAS;4885;6;4884;22;;;4891;22;;;;;4888.0;-54.421875
0;36900;PEARLS;9998;6;9995;22;;;10005;22;;;;;10001.5;278.0
0;37000;PEARLS;9996;2;9995;20;;;10004;2;10005;20;;;10000.0;278.0
0;37000;BANANAS;4888;4;4884;2;4883;20;4890;22;;;;;4889.0;-61.640625
0;37100;BANANAS;4884;24;;;;;4891;24;;;;;4887.5;-51.5234375
0;37100;PEARLS;10000;5;9995;24;;;10005;24;;;;;10002.5;278.0
0;37200;PEARLS;9996;2;9995;27;;;10004;2;10005;27;;;10000.0;278.0
0;37200;BANANAS;4884;29;;;;;4891;29;;;;;4887.5;-50.0
0;37300;BANANAS;4883;23;;;;;4890;23;;;;;4886.5;-63.4609375
0;37300;PEARLS;9996;1;9995;22;;;10004;1;10005;22;;;10000.0;278.0
0;37400;PEARLS;9995;22;;;;;10005;22;;;;;10000.0;278.0
0;37400;BANANAS;4883;22;;;;;4889;22;;;;;4886.0;-70.9921875
0;37500;BANANAS;4883;1;4882;30;;;4889;31;;;;;4886.0;-74.5390625
0;37500;PEARLS;10000;5;9996;1;9995;30;10004;1;10005;30;;;10002.0;278.0
0;37600;PEARLS;9996;1;9995;24;;;10004;1;10005;24;;;10000.0;278.0
0;37600;BANANAS;4888;1;4883;25;;;4889;1;4890;24;;;4888.5;-70.640625
0;37700;BANANAS;4883;20;;;;;4890;20;;;;;4886.5;-67.1796875
0;37700;PEARLS;10002;1;9995;20;;;10005;20;;;;;10003.5;278.0
0;37800;PEARLS;9996;2;9995;23;;;10004;2;10005;23;;;10000.0;280.0
0;37800;BANANAS;4883;25;;;;;4889;2;4890;23;;;4886.0;-67.8046875
0;37900;PEARLS;9996;2;9995;27;;;10004;2;10005;27;;;10000.0;280.0
0;37900;BANANAS;4882;29;;;;;4889;29;;;;;4885.5;-76.15625
0;38000;PEARLS;9998;3;9995;30;;;10005;30;;;;;10001.5;280.0
0;38000;BANANAS;4883;3;4882;30;;;4889;30;;;;;4886.0;-75.4453125
0;38100;PEARLS;9998;4;9996;1;9995;28;10004;1;10005;28;;;10001.0;280.0
0;38100;BANANAS;4884;4;4883;29;;;4889;1;4890;28;;;4886.5;-67.8046875
0;38200;PEARLS;9998;4;9996;2;9995;29;10004;2;10005;29;;;10001.0;280.0
0;38200;BANANAS;4884;4;4883;31;;;4889;2;4890;29;;;4886.5;-65.359375
0;38300;PEARLS;9995;22;;;;;10005;22;;;;;10000.0;280.0
0;38300;BANANAS;4883;22;;;;;4890;22;;;;;4886.5;-62.40625
0;38400;PEARLS;9996;2;9995;29;;;10004;2;10005;29;;;10000.0;280.0
0;38400;BANANAS;4883;31;;;;;4890;31;;;;;4886.5;-64.3828125
0;38500;PEARLS;9996;2;9995;22;;;10004;2;10005;22;;;10000.0;280.0
0;38500;BANANAS;4883;24;;;;;4889;2;4890;22;;;4886.0;-66.25
0;38600;PEARLS;10002;1;9996;2;9995;29;10004;2;10005;29;;;10003.0;280.0
0;38600;BANANAS;4883;31;;;;;4890;31;;;;;4886.5;-64.703125
0;38700;PEARLS;9996;2;9995;20;;;10004;2;10005;20;;;10000.0;282.0
0;38700;BANANAS;4884;21;;;;;4890;2;4891;20;;;4887.0;-51.65625
0;38800;PEARLS;9996;2;9995;25;;;10004;2;10005;25;;;10000.0;282.0
0;38800;BANANAS;4884;27;;;;;4890;2;4891;25;;;4887.0;-51.2578125
0;38900;PEARLS;9996;2;9995;23;;;10004;2;10005;23;;;10000.0;282.0
0;38900;BANANAS;4884;25;;;;;4891;25;;;;;4887.5;-49.5546875
0;39000;PEARLS;9996;1;9995;23;;;10000;3;10004;1;10005;23;9998.0;282.0
0;39000;BANANAS;4884;24;;;;;4890;24;;;;;4887.0;-54.8828125
0;39100;PEARLS;9996;2;9995;28;;;9998;3;10004;2;10005;28;9997.0;282.0
0;39100;BANANAS;4884;2;4883;28;;;4890;30;;;;;4887.0;-58.3125
0;39200;PEARLS;9995;21;;;;;10000;4;10005;21;;;9997.5;282.0
0;39200;BANANAS;4883;21;;;;;4889;21;;;;;4886.0;-70.4765625
0;39300;PEARLS;9995;24;;;;;10005;24;;;;;10000.0;282.0
0;39300;BANANAS;4883;24;;;;;4890;24;;;;;4886.5;-66.2890625
0;39400;PEARLS;9995;21;;;;;10005;21;;;;;10000.0;282.0
0;39400;BANANAS;4884;21;;;;;4891;21;;;;;4887.5;-49.515625
0;39500;PEARLS;9995;29;;;;;10005;29;;;;;10000.0;282.0
0;39500;BANANAS;4884;29;;;;;4891;29;;;;;4887.5;-52.6484375
0;39600;PEARLS;9996;1;9995;30;;;10004;1;10005;30;;;10000.0;282.0
0;39600;BANANAS;4886;2;4884;31;;;4890;31;;;;;4888.0;-55.2421875
0;39700;PEARLS;9996;1;9995;29;;;10000;6;10004;1;10005;29;9998.0;282.0
0;39700;BANANAS;4883;29;;;;;4889;1;4890;29;;;4886.0;-65.546875
0;39800;PEARLS;9996;2;9995;22;;;9998;1;10004;2;10005;22;9997.0;282.0
0;39800;BANANAS;4883;24;;;;;4890;24;;;;;4886.5;-64.84375
0;39900;PEARLS;9998;10;9996;1;9995;28;10004;1;10005;28;;;10001.0;282.0
0;39900;BANANAS;4884;11;4883;28;;;4890;29;;;;;4887.0;-57.4609375
0;40000;PEARLS;10002;11;9996;1;9995;25;10004;1;10005;25;;;10003.0;282.0
0;40000;BANANAS;4883;26;;;;;4890;26;;;;;4886.5;-59.828125
0;40100;PEARLS;9995;30;;;;;10005;30;;;;;10000.0;304.0
0;40100;BANANAS;4886;6;4883;30;;;4890;30;;;;;4888.0;-60.8203125
0;40200;PEARLS;9996;1;9995;24;;;10002;7;10004;1;10005;24;9999.0;304.0
0;40200;BANANAS;4884;25;;;;;4889;7;4890;1;4891;24;4886.5;-50.6953125
0;40300;PEARLS;10002;4;9996;1;9995;29;10004;1;10005;29;;;10003.0;304.0
0;40300;BANANAS;4884;30;;;;;4890;30;;;;;4887.0;-55.515625
0;40400;PEARLS;9996;2;9995;23;;;10004;2;10005;23;;;10000.0;312.0
0;40400;BANANAS;4884;25;;;;;4891;25;;;;;4887.5;-48.7578125
0;40500;PEARLS;9996;1;9995;21;;;10004;1;10005;21;;;10000.0;312.0
0;40500;BANANAS;4884;22;;;;;4885;5;4890;1;4891;21;4884.5;-50.6640625
0;40600;PEARLS;10002;1;9995;28;;;10005;28;;;;;10003.5;312.0
0;40600;BANANAS;4883;28;;;;;4890;28;;;;;4886.5;-51.2109375
0;40700;PEARLS;9998;10;9996;1;9995;29;10004;1;10005;29;;;10001.0;314.0
0;40700;BANANAS;4888;1;4884;10;4883;30;4890;30;;;;;4889.0;-57.78125
0;40800;PEARLS;9995;21;;;;;10005;21;;;;;10000.0;314.0
0;40800;BANANAS;4883;21;;;;;4890;21;;;;;4886.5;-52.828125
0;40900;BANANAS;4884;2;4883;25;;;4890;25;;;;;4887.0;-49.7734375
0;40900;PEARLS;9998;2;9995;25;;;10005;25;;;;;10001.5;314.0
0;41000;BANANAS;4884;31;;;;;4885;3;4890;21;;;4884.5;-45.28125
0;41000;PEARLS;9998;10;9996;1;9995;20;10000;2;10004;1;10005;20;9999.0;314.0
0;41100;PEARLS;9996;2;9995;23;;;10004;2;10005;23;;;10000.0;314.0
0;41100;BANANAS;4889;7;4884;25;;;4890;2;4891;23;;;4889.5;-39.2578125
0;41200;PEARLS;9995;20;;;;;10005;20;;;;;10000.0;314.0
0;41200;BANANAS;4884;20;;;;;4891;20;;;;;4887.5;-25.7265625
0;41300;BANANAS;4884;27;;;;;4891;27;;;;;4887.5;-23.515625
0;41300;PEARLS;9995;27;;;;;10005;27;;;;;10000.0;314.0
0;41400;BANANAS;4884;30;;;;;4886;5;4891;30;;;4885.0;-24.1171875
0;41400;PEARLS;9996;1;9995;29;;;10004;1;10005;29;;;10000.0;314.0
0;41500;PEARLS;9996;2;9995;29;;;10004;2;10005;29;;;10000.0;314.0
0;41500;BANANAS;4885;31;;;;;4891;2;4892;29;;;4888.0;-4.5625
0;41600;PEARLS;9995;26;;;;;10005;26;;;;;10000.0;314.0
0;41600;BANANAS;4884;26;;;;;4891;26;;;;;4887.5;-13.1015625
0;41700;BANANAS;4884;23;;;;;4891;23;;;;;4887.5;-18.9296875
0;41700;PEARLS;9995;23;;;;;10005;23;;;;;10000.0;314.0
0;41800;BANANAS;4885;21;;;;;4888;4;4891;1;4892;21;4886.5;-5.6171875
0;41800;PEARLS;9996;1;9995;21;;;10004;1;10005;21;;;10000.0;314.0
0;41900;PEARLS;9995;28;;;;;10002;8;10005;28;;;9998.5;314.0
0;41900;BANANAS;4885;28;;;;;4890;8;4892;28;;;4887.5;-0.3046875
0;42000;PEARLS;9996;1;9995;27;;;9998;1;10004;1;10005;27;9997.0;314.0
0;42000;BANANAS;4886;28;;;;;4892;28;;;;;4889.0;9.3671875
0;42100;BANANAS;4886;22;;;;;4893;22;;;;;4889.5;13.328125
0;42100;PEARLS;10002;2;9995;22;;;10005;22;;;;;10003.5;316.0
0;42200;BANANAS;4887;22;;;;;4894;22;;;;;4890.5;32.5390625
0;42200;PEARLS;9995;22;;;;;10005;22;;;;;10000.0;320.0
0;42300;PEARLS;9996;2;9995;20;;;10004;2;10005;20;;;10000.0;320.0
0;42300;BANANAS;4887;22;;;;;4893;2;4894;20;;;4890.0;27.7578125
0;42400;PEARLS;9996;2;9995;26;;;10002;2;10004;2;10005;26;9999.0;320.0
0;42400;BANANAS;4886;28;;;;;4891;2;4893;28;;;4888.5;19.4375
0;42500;PEARLS;9995;24;;;;;10005;24;;;;;10000.0;320.0
0;42500;BANANAS;4886;24;;;;;4893;24;;;;;4889.5;15.09375
0;42600;PEARLS;9995;28;;;;;10005;28;;;;;10000.0;320.0
0;42600;BANANAS;4891;1;4886;28;;;4892;28;;;;;4891.5;8.1796875
0;42700;PEARLS;9996;1;9995;23;;;10004;1;10005;23;;;10000.0;320.0
0;42700;BANANAS;4886;24;;;;;4893;24;;;;;4889.5;16.5390625
0;42800;PEARLS;9995;29;;;;;10000;2;10005;29;;;9997.5;320.0
0;42800;BANANAS;4886;29;;;;;4892;29;;;;;4889.0;9.9609375
0;42900;PEARLS;10002;5;9995;20;;;10005;20;;;;;10003.5;320.0
0;42900;BANANAS;4885;20;;;;;4892;20;;;;;4888.5;4.765625
0;43000;PEARLS;9996;1;9995;26;;;10002;6;10004;1;10005;26;9999.0;330.0
0;43000;BANANAS;4885;27;;;;;4890;6;4891;1;4892;26;4887.5;-1.2890625
0;43100;PEARLS;9998;9;9996;1;9995;24;10004;1;10005;24;;;10001.0;330.0
0;43100;BANANAS;4888;4;4887;9;4886;25;4892;25;;;;;4890.0;10.390625
0;43200;PEARLS;9996;2;9995;29;;;10002;5;10004;2;10005;29;9999.0;330.0
0;43200;BANANAS;4886;31;;;;;4891;5;4892;2;4893;29;4888.5;8.3125
0;43300;PEARLS;9998;10;9995;20;;;10005;20;;;;;10001.5;330.0
0;43300;BANANAS;4892;1;4888;10;4887;20;4894;20;;;;;4893.0;21.4296875
0;43400;PEARLS;9996;2;9995;22;;;10004;2;10005;22;;;10000.0;330.0
0;43400;BANANAS;4887;24;;;;;4893;2;4894;22;;;4890.0;24.2890625
0;43500;PEARLS;9996;1;9995;24;;;10002;7;10004;1;10005;24;9999.0;330.0
0;43500;BANANAS;4887;25;;;;;4891;7;4893;25;;;4889.0;21.0
0;43600;PEARLS;9995;22;;;;;10002;5;10005;22;;;9998.5;330.0
0;43600;BANANAS;4886;22;;;;;4891;7;4893;22;;;4888.5;17.375
0;43700;PEARLS;9996;1;9995;29;;;10002;6;10004;1;10005;29;9999.0;330.0
0;43700;BANANAS;4885;30;;;;;4890;6;4892;30;;;4887.5;6.328125
0;43800;PEARLS;9996;1;9995;22;;;10004;1;10005;22;;;10000.0;330.0
0;43800;BANANAS;4886;23;;;;;4893;23;;;;;4889.5;15.515625
0;43900;PEARLS;9996;2;9995;24;;;10002;2;10004;2;10005;24;9999.0;330.0
0;43900;BANANAS;4886;26;;;;;4887;1;4891;6;4893;26;4886.5;15.015625
0;44000;PEARLS;10002;4;9998;10;9996;2;10004;2;10005;25;;;10003.0;330.0
0;44000;BANANAS;4887;12;4886;25;;;4888;1;4893;27;;;4887.5;20.54296875
0;44100;PEARLS;9996;2;9995;22;;;10004;2;10005;22;;;10000.0;338.0
0;44100;BANANAS;4886;24;;;;;4893;24;;;;;4889.5;19.640625
0;44200;PEARLS;9995;24;;;;;10005;24;;;;;10000.0;338.0
0;44200;BANANAS;4886;24;;;;;4893;24;;;;;4889.5;23.50390625
0;44300;PEARLS;9996;2;9995;24;;;9998;2;10004;2;10005;24;9997.0;338.0
0;44300;BANANAS;4887;26;;;;;4894;26;;;;;4890.5;30.45703125
0;44400;PEARLS;9996;1;9995;25;;;10002;7;10004;1;10005;25;9999.0;342.0
0;44400;BANANAS;4887;26;;;;;4892;7;4893;1;4894;25;4889.5;27.16015625
0;44500;PEARLS;9995;30;;;;;10005;30;;;;;10000.0;342.0
0;44500;BANANAS;4886;30;;;;;4893;30;;;;;4889.5;18.28125
0;44600;PEARLS;9996;1;9995;21;;;10004;1;10005;21;;;10000.0;342.0
0;44600;BANANAS;4886;22;;;;;4893;22;;;;;4889.5;21.046875
0;44700;PEARLS;9996;2;9995;25;;;10004;2;10005;25;;;10000.0;342.0
0;44700;BANANAS;4891;1;4886;27;;;4893;27;;;;;4892.0;19.04296875
0;44800;PEARLS;9995;25;;;;;10005;25;;;;;10000.0;342.0
0;44800;BANANAS;4887;25;;;;;4894;25;;;;;4890.5;28.8359375
0;44900;PEARLS;9996;2;9995;21;;;10004;2;10005;21;;;10000.0;342.0
0;44900;BANANAS;4887;23;;;;;4894;23;;;;;4890.5;33.8671875
0;45000;PEARLS;9996;1;9995;27;;;10004;1;10005;27;;;10000.0;342.0
0;45000;BANANAS;4887;28;;;;;4888;1;4894;28;;;4887.5;33.78125
0;45100;PEARLS;9995;27;;;;;9998;1;10005;27;;;9996.5;342.0
0;45100;BANANAS;4887;27;;;;;4894;27;;;;;4890.5;35.00390625
0;45200;PEARLS;10002;1;9996;1;9995;20;10004;1;10005;20;;;10003.0;344.0
0;45200;BANANAS;4888;20;;;;;4894;1;4895;20;;;4891.0;43.98828125
0;45300;BANANAS;4888;22;;;;;4895;23;;;;;4891.5;44.42578125
0;45300;PEARLS;9995;23;;;;;10005;23;;;;;10000.0;346.0
0;45400;PEARLS;9998;4;9995;25;;;10005;25;;;;;10001.5;346.0
0;45400;BANANAS;4889;4;4888;25;;;4894;25;;;;;4891.5;42.578125
0;45500;BANANAS;4888;21;;;;;4895;21;;;;;4891.5;38.89453125
0;45500;PEARLS;9996;1;9995;20;;;9998;3;10004;1;10005;20;9997.0;346.0
0;45600;PEARLS;9996;1;9995;23;;;10004;1;10005;23;;;10000.0;352.0
0;45600;BANANAS;4889;1;4888;23;;;4895;24;;;;;4892.0;41.8671875
0;45700;BANANAS;4889;2;4888;21;;;4895;23;;;;;4892.0;38.515625
0;45700;PEARLS;10002;1;9996;2;9995;21;10004;2;10005;21;;;10003.0;352.0
0;45800;PEARLS;10000;5;9998;7;9996;2;10004;2;10005;30;;;10002.0;354.0
0;45800;BANANAS;4890;2;4889;30;;;4896;32;;;;;4893.0;38.55859375
0;45900;BANANAS;4891;7;4890;26;;;4897;26;;;;;4894.0;36.134765625
0;45900;PEARLS;9998;8;9996;1;9995;25;10004;1;10005;25;;;10001.0;354.0
0;46000;PEARLS;9995;23;;;;;9998;1;10005;23;;;9996.5;354.0
0;46000;BANANAS;4890;23;;;;;4897;23;;;;;4893.5;18.1337890625
0;46100;BANANAS;4891;25;;;;;4898;25;;;;;4894.5;16.6015625
0;46100;PEARLS;9995;25;;;;;10005;25;;;;;10000.0;356.0
0;46200;PEARLS;9995;24;;;;;10005;24;;;;;10000.0;356.0
0;46200;BANANAS;4890;24;;;;;4897;24;;;;;4893.5;17.640625
0;46300;BANANAS;4890;28;;;;;4897;28;;;;;4893.5;18.146484375
0;46300;PEARLS;9996;2;9995;26;;;10004;2;10005;26;;;10000.0;356.0
0;46400;PEARLS;9995;24;;;;;10005;24;;;;;10000.0;356.0
0;46400;BANANAS;4895;1;4890;24;;;4897;24;;;;;4896.0;18.4208984375
0;46500;BANANAS;4890;30;;;;;4897;30;;;;;4893.5;19.78125
0;46500;PEARLS;9996;1;9995;29;;;9998;1;10004;1;10005;29;9997.0;356.0
0;46600;PEARLS;9998;1;9995;28;;;10005;28;;;;;10001.5;358.0
0;46600;BANANAS;4895;1;4894;3;4891;1;4897;28;;;;;4896.0;20.724609375
0;46700;BANANAS;4889;30;;;;;4896;30;;;;;4892.5;26.0546875
0;46700;PEARLS;9996;1;9995;29;;;10004;1;10005;29;;;10000.0;358.0
0;46800;PEARLS;9995;25;;;;;10005;25;;;;;10000.0;358.0
0;46800;BANANAS;4890;25;;;;;4897;25;;;;;4893.5;22.8984375
0;46900;PEARLS;9996;1;9995;29;;;10002;3;10004;1;10005;29;9999.0;358.0
0;46900;BANANAS;4890;1;4889;29;;;4894;3;4896;30;;;4892.0;24.875
0;47000;PEARLS;9996;1;9995;22;;;10004;1;10005;22;;;10000.0;358.0
0;47000;BANANAS;4890;1;4889;22;;;4896;23;;;;;4893.0;25.5390625
0;47100;PEARLS;9995;22;;;;;9998;1;10005;22;;;9996.5;358.0
0;47100;BANANAS;4889;22;;;;;4896;22;;;;;4892.5;24.36328125
0;47200;PEARLS;9996;2;9995;21;;;10004;2;10005;21;;;10000.0;360.0
0;47200;BANANAS;4895;1;4889;23;;;4896;23;;;;;4895.5;25.78125
0;47300;PEARLS;9995;21;;;;;10005;21;;;;;10000.0;360.0
0;47300;BANANAS;4890;21;;;;;4896;21;;;;;4893.0;26.28125
0;47400;PEARLS;9998;7;9995;22;;;10005;22;;;;;10001.5;360.0
0;47400;BANANAS;4891;8;4890;22;;;4896;22;;;;;4893.5;26.25
0;47500;PEARLS;9996;1;9995;21;;;9998;1;10004;1;10005;21;9997.0;360.0
0;47500;BANANAS;4890;22;;;;;4896;22;;;;;4893.0;10.6953125
0;47600;PEARLS;9998;5;9995;21;;;10005;21;;;;;10001.5;362.0
0;47600;BANANAS;4890;5;4889;21;;;4896;21;;;;;4893.0;13.40625
0;47700;PEARLS;9998;1;9995;23;;;10005;23;;;;;10001.5;362.0
0;47700;BANANAS;4891;1;4890;23;;;4897;23;;;;;4894.0;8.4375
0;47800;PEARLS;9995;20;;;;;10005;20;;;;;10000.0;362.0
0;47800;BANANAS;4890;20;;;;;4897;20;;;;;4893.5;2.3984375
0;47900;PEARLS;9995;23;;;;;10005;23;;;;;10000.0;362.0
0;47900;BANANAS;4890;23;;;;;4897;23;;;;;4893.5;3.265625
0;48000;PEARLS;10002;2;9996;1;9995;26;10004;1;10005;26;;;10003.0;362.0
0;48000;BANANAS;4890;27;;;;;4895;1;4897;27;;;4892.5;2.390625
0;48100;PEARLS;9996;1;9995;29;;;10004;1;10005;29;;;10000.0;366.0
0;48100;BANANAS;4890;30;;;;;4897;30;;;;;4893.5;0.0234375
0;48200;PEARLS;9996;1;9995;26;;;10004;1;10005;26;;;10000.0;366.0
0;48200;BANANAS;4890;26;;;;;4897;27;;;;;4893.5;2.0
0;48300;PEARLS;9998;4;9996;1;9995;20;10004;1;10005;20;;;10001.0;366.0
0;48300;BANANAS;4895;1;4891;4;4890;21;4897;21;;;;;4896.0;3.3203125
0;48400;PEARLS;9996;2;9995;30;;;10004;2;10005;30;;;10000.0;366.0
0;48400;BANANAS;4889;32;;;;;4896;32;;;;;4892.5;15.0078125
0;48500;PEARLS;9995;29;;;;;10005;29;;;;;10000.0;366.0
0;48500;BANANAS;4894;10;4889;29;;;4896;29;;;;;4895.0;16.0859375
0;48600;PEARLS;9996;1;9995;26;;;10004;1;10005;26;;;10000.0;366.0
0;48600;BANANAS;4889;27;;;;;4896;27;;;;;4892.5;17.453125
0;48700;PEARLS;9996;1;9995;22;;;10000;2;10004;1;10005;22;9998.0;366.0
0;48700;BANANAS;4889;23;;;;;4896;23;;;;;4892.5;17.9765625
0;48800;PEARLS;9996;1;9995;28;;;10004;1;10005;28;;;10000.0;366.0
0;48800;BANANAS;4890;29;;;;;4896;29;;;;;4893.0;9.890625
0;48900;PEARLS;9995;22;;;;;10005;22;;;;;10000.0;366.0
0;48900;BANANAS;4890;21;;;;;4897;22;;;;;4893.5;7.8671875
0;49000;PEARLS;9996;1;9995;28;;;10004;1;10005;28;;;10000.0;366.0
0;49000;BANANAS;4890;29;;;;;4896;1;4897;28;;;4893.0;8.6796875
0;49100;PEARLS;9995;30;;;;;10005;30;;;;;10000.0;366.0
0;49100;BANANAS;4890;30;;;;;4897;30;;;;;4893.5;3.140625
0;49200;PEARLS;10002;3;9996;1;9995;25;10004;1;10005;25;;;10003.0;366.0
0;49200;BANANAS;4890;26;;;;;4897;26;;;;;4893.5;-0.5234375
0;49300;PEARLS;9998;3;9995;29;;;10005;29;;;;;10001.5;372.0
0;49300;BANANAS;4892;3;4891;29;;;4897;29;;;;;4894.5;-6.1328125
0;49400;PEARLS;9996;1;9995;22;;;10004;1;10005;22;;;10000.0;372.0
0;49400;BANANAS;4891;23;;;;;4898;23;;;;;4894.5;-23.7890625
0;49500;PEARLS;9996;1;9995;24;;;10004;1;10005;24;;;10000.0;372.0
0;49500;BANANAS;4891;25;;;;;4897;25;;;;;4894.0;-12.046875
0;49600;PEARLS;9996;2;9995;28;;;10000;3;10002;9;10004;2;9998.0;372.0
0;49600;BANANAS;4890;30;;;;;4895;9;4897;30;;;4892.5;-2.2109375
0;49700;PEARLS;9995;21;;;;;10005;21;;;;;10000.0;372.0
0;49700;BANANAS;4896;1;4890;21;;;4897;21;;;;;4896.5;-6.8984375
0;49800;PEARLS;9995;20;;;;;10002;7;10005;20;;;9998.5;372.0
0;49800;BANANAS;4890;19;;;;;4895;7;4897;20;;;4892.5;2.5703125
0;49900;BANANAS;4890;24;;;;;4896;1;4897;23;;;4893.0;5.3203125
0;49900;PEARLS;9996;1;9995;23;;;10004;1;10005;23;;;10000.0;372.0
0;50000;BANANAS;4893;2;4889;26;;;4894;5;4896;26;;;4893.5;22.1796875
0;50000;PEARLS;9996;2;9995;24;;;10002;5;10004;2;10005;24;9999.0;372.0
0;50100;PEARLS;10002;4;9996;2;9995;22;10004;2;10005;22;;;10003.0;372.0
0;50100;BANANAS;4892;2;4889;24;;;4896;24;;;;;4894.0;18.484375
0;50200;PEARLS;9996;1;9995;28;;;10004;1;10005;28;;;10000.0;380.0
0;50200;BANANAS;4894;7;4890;29;;;4896;29;;;;;4895.0;10.3515625
0;50300;BANANAS;4890;23;;;;;4897;23;;;;;4893.5;4.8125
0;50300;PEARLS;9995;23;;;;;10005;23;;;;;10000.0;380.0
0;50400;BANANAS;4890;23;;;;;4897;23;;;;;4893.5;2.2265625
0;50400;PEARLS;9996;2;9995;21;;;10004;2;10005;21;;;10000.0;380.0
0;50500;PEARLS;10000;4;9998;7;9996;1;10004;1;10005;27;;;10002.0;380.0
0;50500;BANANAS;4891;7;4890;28;;;4897;28;;;;;4894.0;1.546875
0;50600;PEARLS;9998;7;9996;2;9995;22;10000;5;10004;2;10005;22;9999.0;380.0
0;50600;BANANAS;4895;1;4891;7;4890;24;4896;2;4897;22;;;4895.5;6.265625
0;50700;BANANAS;4891;9;4890;20;;;4897;20;;;;;4894.0;1.65625
0;50700;PEARLS;9998;9;9995;20;;;10005;20;;;;;10001.5;380.0
0;50800;BANANAS;4891;7;4890;28;;;4897;28;;;;;4894.0;1.5703125
0;50800;PEARLS;9998;7;9996;2;9995;26;10004;2;10005;26;;;10001.0;380.0
0;50900;PEARLS;9998;2;9995;30;;;10000;5;10005;30;;;9999.0;380.0
0;50900;BANANAS;4891;1;4890;30;;;4897;30;;;;;4894.0;3.6875
0;51000;PEARLS;9996;2;9995;23;;;10004;2;10005;23;;;10000.0;380.0
0;51000;BANANAS;4890;25;;;;;4896;2;4897;23;;;4893.0;6.6328125
0;51100;BANANAS;4891;29;;;;;4895;1;4897;29;;;4893.0;-8.890625
0;51100;PEARLS;9995;29;;;;;10002;1;10005;29;;;9998.5;380.0
0;51200;PEARLS;9995;30;;;;;10005;30;;;;;10000.0;380.0
0;51200;BANANAS;4895;10;4890;30;;;4897;30;;;;;4896.0;-1.6484375
0;51300;PEARLS;9996;2;9995;23;;;9998;5;10002;5;10004;2;9997.0;380.0
0;51300;BANANAS;4891;25;;;;;4895;5;4897;25;;;4893.0;-10.1640625
0;51400;PEARLS;9996;1;9995;22;;;10004;1;10005;22;;;10000.0;390.0
0;51400;BANANAS;4891;23;;;;;4897;23;;;;;4894.0;-10.7734375
0;51500;PEARLS;9995;21;;;;;10005;21;;;;;10000.0;390.0
0;51500;BANANAS;4891;21;;;;;4898;21;;;;;4894.5;-14.9296875
0;51600;PEARLS;9996;2;9995;21;;;10002;5;10004;2;10005;21;9999.0;390.0
0;51600;BANANAS;4891;23;;;;;4896;5;4897;2;4898;21;4893.5;-14.328125
0;51700;PEARLS;9996;2;9995;30;;;10004;2;10005;30;;;10000.0;390.0
0;51700;BANANAS;4896;12;4891;32;;;4897;2;4898;30;;;4896.5;-13.890625
0;51800;PEARLS;9995;25;;;;;10005;25;;;;;10000.0;390.0
0;51800;BANANAS;4891;25;;;;;4898;25;;;;;4894.5;-22.171875
0;51900;PEARLS;9996;2;9995;26;;;10004;2;10005;26;;;10000.0;390.0
0;51900;BANANAS;4892;2;4891;26;;;4898;28;;;;;4895.0;-27.46875
0;52000;PEARLS;9998;2;9995;21;;;10000;5;10005;21;;;9999.0;390.0
0;52000;BANANAS;4892;3;4891;21;;;4898;21;;;;;4895.0;-12.2734375
0;52100;PEARLS;9996;1;9995;27;;;10004;1;10005;27;;;10000.0;390.0
0;52100;BANANAS;4891;28;;;;;4897;1;4898;27;;;4894.0;-15.8203125
0;52200;PEARLS;9995;23;;;;;10005;23;;;;;10000.0;390.0
0;52200;BANANAS;4891;22;;;;;4896;1;4898;23;;;4893.5;-15.265625
0;52300;PEARLS;9995;30;;;;;10005;30;;;;;10000.0;390.0
0;52300;BANANAS;4892;30;;;;;4899;30;;;;;4895.5;-34.3125
0;52400;PEARLS;10002;3;9996;1;9995;20;10004;1;10005;20;;;10003.0;390.0
0;52400;BANANAS;4892;1;4891;20;;;4898;21;;;;;4895.0;-23.984375
0;52500;PEARLS;9996;2;9995;25;;;10004;2;10005;25;;;10000.0;396.0
0;52500;BANANAS;4891;27;;;;;4898;27;;;;;4894.5;-17.8984375
0;52600;PEARLS;9996;1;9995;30;;;10004;1;10005;30;;;10000.0;396.0
0;52600;BANANAS;4891;31;;;;;4897;1;4898;30;;;4894.0;-13.625
0;52700;PEARLS;9996;1;9995;24;;;10002;9;10004;1;10005;24;9999.0;396.0
0;52700;BANANAS;4891;25;;;;;4895;8;4897;25;;;4893.0;-10.6328125
0;52800;PEARLS;9996;2;9995;26;;;10004;2;10005;26;;;10000.0;396.0
0;52800;BANANAS;4891;28;;;;;4892;8;4897;28;;;4891.5;-11.0859375
0;52900;PEARLS;9996;1;9995;26;;;10002;3;10004;1;10005;26;9999.0;396.0
0;52900;BANANAS;4891;1;4890;26;;;4895;3;4897;27;;;4893.0;7.9296875
0;53000;PEARLS;9996;1;9995;29;;;10004;1;10005;29;;;10000.0;396.0
0;53000;BANANAS;4891;30;;;;;4898;30;;;;;4894.5;-1.13671875
0;53100;PEARLS;9996;2;9995;21;;;9998;5;10004;2;10005;21;9997.0;396.0
0;53100;BANANAS;4892;23;;;;;4898;23;;;;;4895.0;-5.359375
0;53200;PEARLS;9995;23;;;;;10005;23;;;;;10000.0;406.0
0;53200;BANANAS;4897;1;4892;23;;;4899;23;;;;;4898.0;-7.359375
0;53300;PEARLS;9995;20;;;;;10005;20;;;;;10000.0;406.0
0;53300;BANANAS;4892;20;;;;;4899;20;;;;;4895.5;-9.71875
0;53400;PEARLS;9996;2;9995;30;;;9998;1;10004;2;10005;30;9997.0;406.0
0;53400;BANANAS;4892;32;;;;;4899;32;;;;;4895.5;-10.78515625
0;53500;PEARLS;9995;25;;;;;10002;7;10005;25;;;9998.5;408.0
0;53500;BANANAS;4892;25;;;;;4897;7;4899;25;;;4894.5;-10.31640625
0;53600;PEARLS;9998;2;9996;1;9995;22;10004;1;10005;22;;;10001.0;408.0
0;53600;BANANAS;4892;23;;;;;4893;10;4899;23;;;4892.5;-11.9921875
0;53700;PEARLS;9995;23;;;;;10005;23;;;;;10000.0;408.0
0;53700;BANANAS;4892;23;;;;;4899;23;;;;;4895.5;15.607421875
0;53800;PEARLS;9998;8;9995;29;;;10005;29;;;;;10001.5;408.0
0;53800;BANANAS;4893;8;4892;29;;;4899;29;;;;;4896.0;15.5
0;53900;PEARLS;9996;1;9995;25;;;10000;4;10002;8;10004;1;9998.0;408.0
0;53900;BANANAS;4892;1;4891;25;;;4896;8;4898;26;;;4894.0;16.6298828125
0;54000;PEARLS;9996;1;9995;21;;;10002;1;10004;1;10005;21;9999.0;408.0
0;54000;BANANAS;4891;22;;;;;4894;5;4896;2;4898;22;4892.5;17.3125
0;54100;BANANAS;4892;22;;;;;4899;22;;;;;4895.5;14.603515625
0;54100;PEARLS;9996;1;9995;21;;;10004;1;10005;21;;;10000.0;408.0
0;54200;PEARLS;9996;1;9995;20;;;10004;1;10005;20;;;10000.0;408.0
0;54200;BANANAS;4891;20;;;;;4898;21;;;;;4894.5;16.576171875
0;54300;BANANAS;4892;2;4891;26;;;4898;28;;;;;4895.0;16.84765625
0;54300;PEARLS;10002;1;9996;2;9995;26;10004;2;10005;26;;;10003.0;408.0
0;54400;PEARLS;9995;22;;;;;10005;22;;;;;10000.0;410.0
0;54400;BANANAS;4892;22;;;;;4899;22;;;;;4895.5;15.5625
0;54500;BANANAS;4892;29;;;;;4897;2;4898;2;4899;27;4894.5;15.39453125
0;54500;PEARLS;9996;2;9995;27;;;10002;2;10004;2;10005;27;9999.0;410.0
0;54600;PEARLS;10002;2;9996;1;9995;29;10004;1;10005;29;;;10003.0;410.0
0;54600;BANANAS;4892;30;;;;;4899;30;;;;;4895.5;14.75
0;54700;BANANAS;4893;23;;;;;4899;1;4900;22;;;4896.0;12.5
0;54700;PEARLS;9996;1;9995;22;;;10004;1;10005;22;;;10000.0;414.0
0;54800;PEARLS;9996;2;9995;23;;;10004;2;10005;23;;;10000.0;414.0
0;54800;BANANAS;4893;25;;;;;4899;2;4900;23;;;4896.0;12.484375
0;54900;BANANAS;4898;1;4893;24;;;4899;2;4900;22;;;4898.5;12.37109375
0;54900;PEARLS;9996;2;9995;22;;;10004;2;10005;22;;;10000.0;414.0
0;55000;PEARLS;9996;2;9995;20;;;10004;2;10005;20;;;10000.0;414.0
0;55000;BANANAS;4893;22;;;;;4899;2;4900;20;;;4896.0;13.953125
0;55100;BANANAS;4894;2;4893;24;;;4900;26;;;;;4897.0;11.4140625
0;55100;PEARLS;9996;2;9995;24;;;10004;2;10005;24;;;10000.0;414.0
0;55200;PEARLS;9998;8;9996;1;9995;25;10004;1;10005;25;;;10001.0;414.0
0;55200;BANANAS;4895;7;4894;26;;;4900;26;;;;;4897.5;11.154296875
0;55300;BANANAS;4894;22;;;;;4899;4;4901;22;;;4896.5;-7.55078125
0;55300;PEARLS;9995;22;;;;;10002;5;10005;22;;;9998.5;414.0
0;55400;PEARLS;9998;7;9996;1;9995;27;10004;1;10005;27;;;10001.0;414.0
0;55400;BANANAS;4895;8;4894;27;;;4901;28;;;;;4898.0;-11.1484375
0;55500;BANANAS;4894;24;;;;;4901;24;;;;;4897.5;-25.0546875
0;55500;PEARLS;9996;2;9995;22;;;10004;2;10005;22;;;10000.0;414.0
0;55600;PEARLS;9995;23;;;;;10002;9;10005;23;;;9998.5;414.0
0;55600;BANANAS;4894;23;;;;;4899;9;4901;23;;;4896.5;-22.578125
0;55700;PEARLS;9996;1;9995;21;;;10002;7;10004;1;10005;21;9999.0;414.0
0;55700;BANANAS;4893;22;;;;;4898;7;4900;22;;;4895.5;-12.5078125
0;55800;PEARLS;9996;1;9995;25;;;10004;1;10005;25;;;10000.0;414.0
0;55800;BANANAS;4894;26;;;;;4900;1;4901;25;;;4897.0;-20.625
0;55900;PEARLS;9995;20;;;;;10005;20;;;;;10000.0;414.0
0;55900;BANANAS;4894;20;;;;;4897;1;4901;20;;;4895.5;-30.2421875
0;56000;PEARLS;10000;2;9996;1;9995;24;10002;6;10004;1;10005;24;10001.0;414.0
0;56000;BANANAS;4895;25;;;;;4900;6;4901;25;;;4897.5;-38.8125
0;56100;PEARLS;9996;1;9995;27;;;9998;1;10002;3;10004;1;9997.0;414.0
0;56100;BANANAS;4894;28;;;;;4899;3;4901;28;;;4896.5;-28.2578125
0;56200;PEARLS;9996;1;9995;30;;;10000;4;10004;1;10005;30;9998.0;416.0
0;56200;BANANAS;4897;3;4894;31;;;4900;1;4901;30;;;4898.5;-24.046875
0;56300;PEARLS;9995;28;;;;;10005;28;;;;;10000.0;416.0
0;56300;BANANAS;4894;28;;;;;4901;28;;;;;4897.5;-31.421875
0;56400;PEARLS;9996;2;9995;27;;;10004;2;10005;27;;;10000.0;416.0
0;56400;BANANAS;4894;29;;;;;4900;2;4901;27;;;4897.0;-23.0234375
0;56500;PEARLS;9995;21;;;;;10002;9;10005;21;;;9998.5;416.0
0;56500;BANANAS;4894;21;;;;;4899;9;4901;21;;;4896.5;-35.4140625
0;56600;PEARLS;9996;2;9995;28;;;10002;2;10004;2;10005;28;9999.0;416.0
0;56600;BANANAS;4894;30;;;;;4899;2;4901;30;;;4896.5;-29.3515625
0;56700;PEARLS;9998;5;9995;27;;;10005;27;;;;;10001.5;416.0
0;56700;BANANAS;4895;6;4894;27;;;4901;27;;;;;4898.0;-22.3046875
0;56800;PEARLS;9995;23;;;;;10005;23;;;;;10000.0;416.0
0;56800;BANANAS;4894;23;;;;;4900;23;;;;;4897.0;-18.8828125
0;56900;PEARLS;9996;1;9995;20;;;10004;1;10005;20;;;10000.0;416.0
0;56900;BANANAS;4894;21;;;;;4900;1;4901;20;;;4897.0;-20.671875
0;57000;PEARLS;9996;2;9995;20;;;10002;10;10004;2;10005;20;9999.0;416.0
0;57000;BANANAS;4894;2;4893;20;;;4898;10;4900;22;;;4896.0;-15.5390625
0;57100;PEARLS;9998;6;9995;24;;;10005;24;;;;;10001.5;416.0
0;57100;BANANAS;4899;1;4894;7;4893;24;4900;24;;;;;4899.5;-15.0390625
0;57200;PEARLS;9998;5;9996;1;9995;25;10004;1;10005;25;;;10001.0;416.0
0;57200;BANANAS;4894;6;4893;25;;;4895;5;4896;2;4900;26;4894.5;-11.453125
0;57300;PEARLS;9996;1;9995;30;;;10004;1;10005;30;;;10000.0;416.0
0;57300;BANANAS;4894;1;4893;30;;;4900;31;;;;;4897.0;-5.046875
0;57400;PEARLS;9996;1;9995;27;;;10004;1;10005;27;;;10000.0;416.0
0;57400;BANANAS;4893;28;;;;;4899;1;4900;27;;;4896.0;4.65625
0;57500;PEARLS;9995;21;;;;;10005;21;;;;;10000.0;416.0
0;57500;BANANAS;4892;21;;;;;4899;21;;;;;4895.5;13.21875
0;57600;PEARLS;10000;4;9996;2;9995;20;10004;2;10005;20;;;10002.0;416.0
0;57600;BANANAS;4892;22;;;;;4899;22;;;;;4895.5;16.984375
0;57700;PEARLS;9998;2;9996;1;9995;21;10004;1;10005;21;;;10001.0;416.0
0;57700;BANANAS;4893;2;4892;22;;;4899;22;;;;;4896.0;17.9375
0;57800;PEARLS;9996;2;9995;26;;;10002;4;10004;2;10005;26;9999.0;416.0
0;57800;BANANAS;4892;28;;;;;4897;4;4899;28;;;4894.5;12.9453125
0;57900;PEARLS;9996;2;9995;26;;;10004;2;10005;26;;;10000.0;416.0
0;57900;BANANAS;4893;28;;;;;4899;2;4900;26;;;4896.0;4.5078125
0;58000;PEARLS;9995;28;;;;;10005;28;;;;;10000.0;416.0
0;58000;BANANAS;4892;28;;;;;4899;28;;;;;4895.5;13.125
0;58100;PEARLS;9998;7;9995;20;;;10005;20;;;;;10001.5;416.0
0;58100;BANANAS;4894;7;4893;20;;;4900;20;;;;;4897.0;5.8515625
0;58200;PEARLS;9996;2;9995;27;;;10004;2;10005;27;;;10000.0;416.0
0;58200;BANANAS;4893;29;;;;;4899;2;4900;27;;;4896.0;4.9375
0;58300;PEARLS;9996;2;9995;28;;;10004;2;10005;28;;;10000.0;416.0
0;58300;BANANAS;4893;30;;;;;4900;30;;;;;4896.5;-1.7109375
0;58400;PEARLS;9995;25;;;;;10005;25;;;;;10000.0;416.0
0;58400;BANANAS;4893;25;;;;;4900;25;;;;;4896.5;0.203125
0;58500;PEARLS;9998;3;9996;2;9995;20;10004;2;10005;20;;;10001.0;416.0
0;58500;BANANAS;4894;5;4893;20;;;4900;22;;;;;4897.0;-6.0234375
0;58600;BANANAS;4893;23;;;;;4899;1;4900;22;;;4896.0;3.4375
0;58600;PEARLS;9996;1;9995;22;;;10004;1;10005;22;;;10000.0;416.0
0;58700;PEARLS;9996;1;9995;29;;;9998;1;10000;4;10004;1;9997.0;416.0
0;58700;BANANAS;4893;1;4892;29;;;4899;30;;;;;4896.0;10.125
0;58800;PEARLS;9996;1;9995;30;;;10004;1;10005;30;;;10000.0;418.0
0;58800;BANANAS;4893;31;;;;;4900;31;;;;;4896.5;-0.71875
0;58900;BANANAS;4899;1;4897;2;4894;25;4900;2;4901;23;;;4899.5;-11.09375
0;58900;PEARLS;9996;2;9995;23;;;10004;2;10005;23;;;10000.0;418.0
0;59000;BANANAS;4894;24;;;;;4901;24;;;;;4897.5;-9.9921875
0;59000;PEARLS;9996;1;9995;23;;;10004;1;10005;23;;;10000.0;418.0
0;59100;PEARLS;9998;7;9996;1;9995;20;10004;1;10005;20;;;10001.0;418.0
0;59100;BANANAS;4894;9;4893;20;;;4900;21;;;;;4897.0;-2.359375
0;59200;PEARLS;10002;1;9996;2;9995;23;10004;2;10005;23;;;10003.0;418.0
0;59200;BANANAS;4893;25;;;;;4900;25;;;;;4896.5;3.40625
0;59300;BANANAS;4894;5;4893;22;;;4900;22;;;;;4897.0;-0.5859375
0;59300;PEARLS;9998;5;9995;22;;;10005;22;;;;;10001.5;420.0
0;59400;BANANAS;4894;23;;;;;4901;23;;;;;4897.5;-8.0546875
0;59400;PEARLS;10002;1;9995;23;;;10005;23;;;;;10003.5;420.0
0;59500;PEARLS;9996;2;9995;22;;;10004;2;10005;22;;;10000.0;422.0
0;59500;BANANAS;4894;24;;;;;4900;2;4901;22;;;4897.0;-9.59375
0;59600;PEARLS;10002;1;9996;1;9995;24;10004;1;10005;24;;;10003.0;422.0
0;59600;BANANAS;4894;25;;;;;4901;25;;;;;4897.5;-14.265625
0;59700;BANANAS;4899;1;4894;26;;;4901;26;;;;;4900.0;-10.6953125
0;59700;PEARLS;9996;1;9995;25;;;10004;1;10005;25;;;10000.0;424.0
0;59800;BANANAS;4894;11;4893;22;;;4900;24;;;;;4897.0;0.8359375
0;59800;PEARLS;9998;9;9996;2;9995;22;10004;2;10005;22;;;10001.0;424.0
0;59900;PEARLS;9996;2;9995;23;;;10004;2;10005;23;;;10000.0;424.0
0;59900;BANANAS;4894;2;4893;23;;;4900;25;;;;;4897.0;0.578125
0;60000;PEARLS;9996;1;9995;25;;;9998;3;10002;10;10004;1;9997.0;424.0
0;60000;BANANAS;4898;1;4893;26;;;4900;26;;;;;4899.0;5.90625
0;60100;PEARLS;9996;1;9995;27;;;10004;1;10005;27;;;10000.0;430.0
0;60100;BANANAS;4893;28;;;;;4900;28;;;;;4896.5;7.7578125
0;60200;PEARLS;9996;1;9995;25;;;10004;1;10005;25;;;10000.0;430.0
0;60200;BANANAS;4894;1;4893;25;;;4900;26;;;;;4897.0;3.1875
0;60300;PEARLS;9998;3;9996;1;9995;23;10004;1;10005;23;;;10001.0;430.0
0;60300;BANANAS;4894;3;4893;24;;;4900;24;;;;;4897.0;4.4609375
0;60400;PEARLS;9996;2;9995;22;;;9998;1;10004;2;10005;22;9997.0;430.0
0;60400;BANANAS;4893;24;;;;;4900;24;;;;;4896.5;3.6015625
0;60500;PEARLS;9995;25;;;;;10000;2;10005;25;;;9997.5;432.0
0;60500;BANANAS;4893;25;;;;;4900;25;;;;;4896.5;3.6171875
0;60600;PEARLS;9996;1;9995;21;;;10004;1;10005;21;;;10000.0;432.0
0;60600;BANANAS;4893;21;;;;;4900;22;;;;;4896.5;2.1640625
0;60700;PEARLS;9998;10;9995;24;;;10005;24;;;;;10001.5;432.0
0;60700;BANANAS;4894;33;;;;;4900;24;;;;;4897.0;-1.09375
0;60800;PEARLS;9996;2;9995;26;;;10004;2;10005;26;;;10000.0;432.0
0;60800;BANANAS;4899;1;4894;28;;;4900;2;4901;26;;;4899.5;-3.515625
0;60900;PEARLS;9998;10;9995;29;;;10005;29;;;;;10001.5;432.0
0;60900;BANANAS;4899;1;4895;10;4894;29;4901;29;;;;;4900.0;-3.4296875
0;61000;PEARLS;9996;1;9995;25;;;9998;1;10004;1;10005;25;9997.0;432.0
0;61000;BANANAS;4894;26;;;;;4900;26;;;;;4897.0;1.390625
0;61100;PEARLS;9996;2;9995;29;;;10004;2;10005;29;;;10000.0;434.0
0;61100;BANANAS;4894;31;;;;;4895;4;4900;2;4901;29;4894.5;-0.625
0;61200;PEARLS;9998;1;9995;22;;;10005;22;;;;;10001.5;434.0
0;61200;BANANAS;4894;22;;;;;4901;22;;;;;4897.5;8.6015625
0;61300;PEARLS;9995;27;;;;;10005;27;;;;;10000.0;434.0
0;61300;BANANAS;4893;27;;;;;4900;27;;;;;4896.5;16.046875
0;61400;PEARLS;9995;28;;;;;10005;28;;;;;10000.0;434.0
0;61400;BANANAS;4893;28;;;;;4900;28;;;;;4896.5;14.0859375
0;61500;PEARLS;9998;4;9995;22;;;10005;22;;;;;10001.5;434.0
0;61500;BANANAS;4898;1;4894;4;4893;22;4900;22;;;;;4899.0;20.1484375
0;61600;PEARLS;9996;1;9995;27;;;10004;1;10005;27;;;10000.0;434.0
0;61600;BANANAS;4893;28;;;;;4899;28;;;;;4896.0;27.890625
0;61700;PEARLS;9996;2;9995;21;;;10004;2;10005;21;;;10000.0;434.0
0;61700;BANANAS;4893;23;;;;;4899;2;4900;21;;;4896.0;24.3046875
0;61800;PEARLS;9996;2;9995;24;;;10004;2;10005;24;;;10000.0;434.0
0;61800;BANANAS;4893;1;4892;24;;;4899;26;;;;;4896.0;30.359375
0;61900;PEARLS;9995;28;;;;;10002;8;10005;28;;;9998.5;434.0
0;61900;BANANAS;4892;28;;;;;4897;8;4899;28;;;4894.5;34.109375
0;62000;PEARLS;9995;24;;;;;10005;24;;;;;10000.0;434.0
0;62000;BANANAS;4892;24;;;;;4899;24;;;;;4895.5;41.6015625
0;62100;PEARLS;9996;2;9995;25;;;10002;3;10004;2;10005;25;9999.0;434.0
0;62100;BANANAS;4892;27;;;;;4897;3;4898;2;4899;25;4894.5;40.28125
0;62200;PEARLS;9998;9;9996;2;9995;22;10004;2;10005;22;;;10001.0;434.0
0;62200;BANANAS;4893;9;4892;24;;;4898;2;4899;22;;;4895.5;41.7265625
0;62300;PEARLS;9995;21;;;;;10005;21;;;;;10000.0;416.0
0;62300;BANANAS;4892;21;;;;;4899;21;;;;;4895.5;39.0234375
0;62400;PEARLS;9995;24;;;;;10005;24;;;;;10000.0;416.0
0;62400;BANANAS;4892;24;;;;;4899;24;;;;;4895.5;38.140625
0;62500;PEARLS;9996;2;9995;25;;;10004;2;10005;25;;;10000.0;416.0
0;62500;BANANAS;4892;27;;;;;4899;27;;;;;4895.5;37.2578125
0;62600;PEARLS;9998;6;9996;1;9995;21;10004;1;10005;21;;;10001.0;416.0
0;62600;BANANAS;4897;12;4893;7;4892;21;4899;22;;;;;4898.0;30.03125
0;62700;PEARLS;9998;3;9995;25;;;10005;25;;;;;10001.5;404.0
0;62700;BANANAS;4894;4;4893;25;;;4900;25;;;;;4897.0;24.765625
0;62800;PEARLS;9995;22;;;;;10005;22;;;;;10000.0;398.0
0;62800;BANANAS;4893;22;;;;;4899;22;;;;;4896.0;28.25
0;62900;PEARLS;10002;11;9998;3;9996;2;10004;2;10005;20;;;10003.0;398.0
0;62900;BANANAS;4894;5;4893;20;;;4900;22;;;;;4897.0;15.40625
0;63000;PEARLS;9995;30;;;;;10005;30;;;;;10000.0;420.0
0;63000;BANANAS;4893;30;;;;;4900;30;;;;;4896.5;24.375
0;63100;BANANAS;4893;30;;;;;4900;30;;;;;4896.5;14.5546875
0;63100;PEARLS;9995;30;;;;;9998;1;10005;30;;;9996.5;420.0
0;63200;PEARLS;9996;1;9995;24;;;10004;1;10005;24;;;10000.0;420.0
0;63200;BANANAS;4893;25;;;;;4900;25;;;;;4896.5;17.0625
0;63300;BANANAS;4899;1;4893;30;;;4900;30;;;;;4899.5;12.7265625
0;63300;PEARLS;10002;4;9995;30;;;10005;30;;;;;10003.5;420.0
0;63400;PEARLS;9996;2;9995;22;;;10004;2;10005;22;;;10000.0;428.0
0;63400;BANANAS;4894;2;4893;22;;;4900;24;;;;;4897.0;16.84375
0;63500;BANANAS;4893;28;;;;;4896;4;4900;28;;;4894.5;22.6484375
0;63500;PEARLS;9995;28;;;;;10005;28;;;;;10000.0;428.0
0;63600;PEARLS;9995;22;;;;;10005;22;;;;;10000.0;428.0
0;63600;BANANAS;4899;1;4894;22;;;4900;22;;;;;4899.5;14.1015625
0;63700;BANANAS;4894;21;;;;;4899;7;4900;21;;;4896.5;14.15625
0;63700;PEARLS;9995;21;;;;;10000;5;10002;7;10005;21;9997.5;428.0
0;63800;PEARLS;9996;1;9995;27;;;9998;1;10004;1;10005;27;9997.0;428.0
0;63800;BANANAS;4894;28;;;;;4901;28;;;;;4897.5;6.796875
0;63900;BANANAS;4894;22;;;;;4897;2;4901;22;;;4895.5;-1.1484375
0;63900;PEARLS;9995;22;;;;;10000;2;10005;22;;;9997.5;430.0
0;64000;PEARLS;9995;30;;;;;9998;11;10002;10;10005;30;9996.5;430.0
0;64000;BANANAS;4894;30;;;;;4895;1;4899;10;4901;30;4894.5;-1.1953125
0;64100;BANANAS;4894;28;;;;;4899;4;4901;28;;;4896.5;4.6796875
0;64100;PEARLS;9996;2;9995;26;;;10002;4;10004;2;10005;26;9999.0;452.0
0;64200;PEARLS;9996;2;9995;25;;;10004;2;10005;25;;;10000.0;452.0
0;64200;BANANAS;4895;2;4894;25;;;4901;27;;;;;4898.0;1.5859375
0;64300;BANANAS;4896;4;4895;22;;;4901;2;4902;20;;;4898.5;-5.4296875
0;64300;PEARLS;9998;4;9996;2;9995;20;10004;2;10005;20;;;10001.0;452.0
0;64400;PEARLS;9996;2;9995;27;;;10004;2;10005;27;;;10000.0;452.0
0;64400;BANANAS;4894;29;;;;;4901;29;;;;;4897.5;9.6171875
0;64500;PEARLS;9996;2;9995;20;;;10004;2;10005;20;;;10000.0;452.0
0;64500;BANANAS;4895;22;;;;;4901;2;4902;20;;;4898.0;-6.171875
0;64600;PEARLS;9996;2;9995;27;;;10004;2;10005;27;;;10000.0;452.0
0;64600;BANANAS;4895;29;;;;;4901;2;4902;27;;;4898.0;-5.9921875
0;64700;PEARLS;10002;1;9996;1;9995;28;10004;1;10005;28;;;10003.0;452.0
0;64700;BANANAS;4895;29;;;;;4902;29;;;;;4898.5;-8.5625
0;64800;PEARLS;9996;1;9995;20;;;10004;1;10005;20;;;10000.0;454.0
0;64800;BANANAS;4895;20;;;;;4902;21;;;;;4898.5;-8.8515625
0;64900;PEARLS;9996;2;9995;30;;;9998;4;10002;10;10004;2;9997.0;454.0
0;64900;BANANAS;4895;32;;;;;4900;10;4902;32;;;4897.5;-7.0703125
0;65000;PEARLS;9996;1;9995;26;;;10002;5;10004;1;10005;26;9999.0;462.0
0;65000;BANANAS;4895;27;;;;;4900;4;4902;27;;;4897.5;-9.8828125
0;65100;PEARLS;9998;10;9996;1;9995;25;10004;1;10005;25;;;10001.0;462.0
0;65100;BANANAS;4896;10;4895;26;;;4902;26;;;;;4899.0;-6.8515625
0;65200;PEARLS;9996;1;9995;28;;;10002;6;10004;1;10005;28;9999.0;462.0
0;65200;BANANAS;4895;28;;;;;4900;6;4901;29;;;4897.5;-2.1015625
0;65300;PEARLS;9995;29;;;;;10002;9;10005;29;;;9998.5;462.0
0;65300;BANANAS;4894;29;;;;;4899;9;4901;29;;;4896.5;1.90625
0;65400;PEARLS;9998;10;9995;21;;;10005;21;;;;;10001.5;462.0
0;65400;BANANAS;4900;1;4895;10;4894;21;4901;21;;;;;4900.5;4.53125
0;65500;PEARLS;9995;20;;;;;10005;20;;;;;10000.0;462.0
0;65500;BANANAS;4894;20;;;;;4901;20;;;;;4897.5;6.6875
0;65600;PEARLS;9998;3;9995;20;;;10005;20;;;;;10001.5;462.0
0;65600;BANANAS;4895;3;4894;20;;;4901;20;;;;;4898.0;18.5625
0;65700;PEARLS;9995;24;;;;;10005;24;;;;;10000.0;462.0
0;65700;BANANAS;4894;23;;;;;4901;24;;;;;4897.5;11.7734375
0;65800;PEARLS;10002;4;9995;30;;;10005;30;;;;;10003.5;462.0
0;65800;BANANAS;4894;30;;;;;4901;30;;;;;4897.5;14.7578125
0;65900;PEARLS;9996;2;9995;24;;;10004;2;10005;24;;;10000.0;470.0
0;65900;BANANAS;4895;2;4894;24;;;4901;26;;;;;4898.0;6.609375
0;66000;PEARLS;9996;1;9995;24;;;10004;1;10005;24;;;10000.0;470.0
0;66000;BANANAS;4897;6;4894;25;;;4901;25;;;;;4899.0;9.296875
0;66100;PEARLS;9996;2;9995;23;;;10004;2;10005;23;;;10000.0;470.0
0;66100;BANANAS;4899;1;4894;2;4893;23;4900;25;;;;;4899.5;22.2109375
0;66200;PEARLS;10002;1;9996;1;9995;22;10004;1;10005;22;;;10003.0;470.0
0;66200;BANANAS;4894;23;;;;;4900;1;4901;22;;;4897.0;17.2421875
0;66300;PEARLS;10000;3;9995;20;;;10002;5;10005;20;;;10001.0;472.0
0;66300;BANANAS;4898;6;4893;20;;;4900;20;;;;;4899.0;27.5859375
0;66400;PEARLS;9996;2;9995;24;;;10004;2;10005;24;;;10000.0;472.0
0;66400;BANANAS;4893;26;;;;;4899;26;;;;;4896.0;41.1328125
0;66500;PEARLS;9996;1;9995;30;;;10004;1;10005;30;;;10000.0;472.0
0;66500;BANANAS;4897;1;4892;31;;;4898;1;4899;30;;;4897.5;57.640625
0;66600;PEARLS;10002;3;9998;1;9996;2;10004;2;10005;29;;;10003.0;472.0
0;66600;BANANAS;4896;1;4893;1;4892;31;4898;2;4899;29;;;4897.0;59.390625
0;66700;PEARLS;9996;1;9995;25;;;10004;1;10005;25;;;10000.0;478.0
0;66700;BANANAS;4896;2;4892;26;;;4898;26;;;;;4897.0;62.5625
0;66800;PEARLS;9996;1;9995;25;;;10004;1;10005;25;;;10000.0;478.0
0;66800;BANANAS;4891;26;;;;;4898;26;;;;;4894.5;72.90625
0;66900;PEARLS;9995;20;;;;;10005;20;;;;;10000.0;478.0
0;66900;BANANAS;4891;20;;;;;4898;20;;;;;4894.5;68.515625
0;67000;PEARLS;9998;1;9996;2;9995;22;10004;2;10005;22;;;10001.0;478.0
0;67000;BANANAS;4892;3;4891;22;;;4898;24;;;;;4895.0;67.828125
0;67100;PEARLS;9996;1;9995;25;;;10004;1;10005;25;;;10000.0;478.0
0;67100;BANANAS;4891;26;;;;;4898;26;;;;;4894.5;69.484375
0;67200;PEARLS;9995;23;;;;;10005;23;;;;;10000.0;478.0
0;67200;BANANAS;4891;23;;;;;4898;23;;;;;4894.5;76.9296875
0;67300;PEARLS;9996;1;9995;21;;;10004;1;10005;21;;;10000.0;478.0
0;67300;BANANAS;4890;21;;;;;4891;8;4897;22;;;4890.5;86.0625
0;67400;PEARLS;9996;1;9995;28;;;10004;1;10005;28;;;10000.0;478.0
0;67400;BANANAS;4891;29;;;;;4897;1;4898;28;;;4894.0;104.4140625
0;67500;BANANAS;4891;22;;;;;4898;22;;;;;4894.5;97.08203125
0;67500;PEARLS;9995;22;;;;;10005;22;;;;;10000.0;478.0
0;67600;BANANAS;4891;26;;;;;4897;26;;;;;4894.0;105.53125
0;67600;PEARLS;9996;1;9995;25;;;10004;1;10005;25;;;10000.0;478.0
0;67700;PEARLS;9996;2;9995;21;;;10000;3;10004;2;10005;21;9998.0;478.0
0;67700;BANANAS;4891;23;;;;;4898;23;;;;;4894.5;98.765625
0;67800;PEARLS;9996;2;9995;30;;;10004;2;10005;30;;;10000.0;478.0
0;67800;BANANAS;4892;32;;;;;4898;32;;;;;4895.0;94.0625
0;67900;BANANAS;4892;26;;;;;4899;26;;;;;4895.5;85.5703125
0;67900;PEARLS;9995;26;;;;;10005;26;;;;;10000.0;478.0
0;68000;BANANAS;4892;25;;;;;4897;5;4899;25;;;4894.5;89.65234375
0;68000;PEARLS;9995;25;;;;;10002;5;10005;25;;;9998.5;478.0
0;68100;PEARLS;9996;1;9995;26;;;10002;8;10004;1;10005;26;9999.0;478.0
0;68100;BANANAS;4892;27;;;;;4897;8;4898;1;4899;26;4894.5;92.44140625
0;68200;PEARLS;9996;1;9995;23;;;9998;1;10004;1;10005;23;9997.0;478.0
0;68200;BANANAS;4892;24;;;;;4893;2;4898;1;4899;23;4892.5;92.3671875
0;68300;BANANAS;4891;25;;;;;4892;7;4896;4;4898;26;4891.5;99.59375
0;68300;PEARLS;9996;1;9995;25;;;10002;4;10004;1;10005;25;9999.0;480.0
0;68400;BANANAS;4892;31;;;;;4898;31;;;;;4895.0;119.16796875
0;68400;PEARLS;10002;1;9996;1;9995;30;10004;1;10005;30;;;10003.0;480.0
0;68500;PEARLS;9996;1;9995;22;;;10004;1;10005;22;;;10000.0;482.0
0;68500;BANANAS;4897;1;4892;23;;;4899;23;;;;;4898.0;117.7841796875
0;68600;PEARLS;9995;27;;;;;9998;1;10005;27;;;9996.5;482.0
0;68600;BANANAS;4892;27;;;;;4899;27;;;;;4895.5;118.52734375
0;68700;BANANAS;4894;10;4893;22;;;4899;22;;;;;4896.5;116.974609375
0;68700;PEARLS;9998;10;9996;2;9995;20;10004;2;10005;20;;;10001.0;484.0
0;68800;BANANAS;4893;31;;;;;4898;1;4900;31;;;4895.5;114.294921875
0;68800;PEARLS;9996;1;9995;30;;;10000;6;10002;1;10004;1;9998.0;484.0
0;68900;PEARLS;9998;3;9996;2;9995;23;10004;2;10005;23;;;10001.0;484.0
0;68900;BANANAS;4897;4;4894;3;4893;25;4899;2;4900;23;;;4898.0;115.837890625
0;69000;PEARLS;9996;1;9995;27;;;10004;1;10005;27;;;10000.0;484.0
0;69000;BANANAS;4893;28;;;;;4900;28;;;;;4896.5;116.5625
0;69100;PEARLS;9996;1;9995;25;;;10004;1;10005;25;;;10000.0;484.0
0;69100;BANANAS;4893;26;;;;;4900;26;;;;;4896.5;116.56640625
0;69200;PEARLS;9996;1;9995;20;;;10002;8;10004;1;10005;20;9999.0;484.0
0;69200;BANANAS;4893;21;;;;;4898;8;4899;1;4900;20;4895.5;118.98828125
0;69300;PEARLS;9996;1;9995;23;;;10004;1;10005;23;;;10000.0;484.0
0;69300;BANANAS;4893;24;;;;;4896;6;4899;1;4900;23;4894.5;119.9375
0;69400;PEARLS;9995;22;;;;;10005;22;;;;;10000.0;484.0
0;69400;BANANAS;4893;22;;;;;4900;22;;;;;4896.5;118.58203125
0;69500;PEARLS;9996;1;9995;30;;;10002;8;10004;1;10005;30;9999.0;484.0
0;69500;BANANAS;4893;31;;;;;4898;8;4900;31;;;4895.5;116.953125
0;69600;PEARLS;9996;2;9995;25;;;10004;2;10005;25;;;10000.0;484.0
0;69600;BANANAS;4893;27;;;;;4900;27;;;;;4896.5;115.91015625
0;69700;PEARLS;10002;1;9996;2;9995;24;10004;2;10005;24;;;10003.0;484.0
0;69700;BANANAS;4894;26;;;;;4901;26;;;;;4897.5;110.40234375
0;69800;PEARLS;9996;1;9995;22;;;10004;1;10005;22;;;10000.0;486.0
0;69800;BANANAS;4894;22;;;;;4901;23;;;;;4897.5;107.25390625
0;69900;PEARLS;10002;1;9998;10;9996;2;10004;2;10005;24;;;10003.0;486.0
0;69900;BANANAS;4896;10;4895;26;;;4901;2;4902;24;;;4898.5;103.390625
0;70000;PEARLS;9996;2;9995;28;;;10004;2;10005;28;;;10000.0;488.0
0;70000;BANANAS;4895;30;;;;;4902;30;;;;;4898.5;76.2578125
0;70100;PEARLS;10002;1;9995;27;;;10005;27;;;;;10003.5;488.0
0;70100;BANANAS;4895;26;;;;;4902;27;;;;;4898.5;81.8359375
0;70200;PEARLS;9996;2;9995;28;;;10004;2;10005;28;;;10000.0;490.0
0;70200;BANANAS;4896;2;4895;28;;;4902;30;;;;;4899.0;68.125
0;70300;PEARLS;9998;10;9996;1;9995;24;10004;1;10005;24;;;10001.0;490.0
0;70300;BANANAS;4896;11;4895;24;;;4902;25;;;;;4899.0;65.0625
0;70400;PEARLS;10002;13;9996;2;9995;29;10004;2;10005;29;;;10003.0;490.0
0;70400;BANANAS;4895;31;;;;;4902;31;;;;;4898.5;73.34375
0;70500;PEARLS;10002;1;9995;21;;;10005;21;;;;;10003.5;490.0
0;70500;BANANAS;4898;4;4895;21;;;4902;21;;;;;4900.0;73.6875
0;70600;PEARLS;10002;1;10000;3;9996;1;10004;1;10005;22;;;10003.0;492.0
0;70600;BANANAS;4894;22;;;;;4901;23;;;;;4897.5;82.2421875
0;70700;PEARLS;9995;27;;;;;10005;27;;;;;10000.0;494.0
0;70700;BANANAS;4894;27;;;;;4901;27;;;;;4897.5;82.890625
0;70800;PEARLS;9996;2;9995;20;;;9998;5;10002;8;10004;2;9997.0;494.0
0;70800;BANANAS;4895;2;4894;20;;;4899;8;4901;22;;;4897.0;84.3515625
0;70900;PEARLS;9995;21;;;;;10005;21;;;;;10000.0;504.0
0;70900;BANANAS;4894;21;;;;;4895;1;4901;21;;;4894.5;83.1015625
0;71000;PEARLS;9996;2;9995;28;;;9998;3;10004;2;10005;28;9997.0;504.0
0;71000;BANANAS;4895;8;4894;30;;;4901;30;;;;;4898.0;95.9375
0;71100;PEARLS;9998;4;9995;30;;;10005;30;;;;;10001.5;510.0
0;71100;BANANAS;4896;4;4895;30;;;4902;30;;;;;4899.0;79.2890625
0;71200;PEARLS;9996;1;9995;27;;;9998;1;10004;1;10005;27;9997.0;510.0
0;71200;BANANAS;4896;1;4895;27;;;4902;28;;;;;4899.0;66.3515625
0;71300;PEARLS;9996;2;9995;28;;;10004;2;10005;28;;;10000.0;512.0
0;71300;BANANAS;4896;2;4895;28;;;4902;30;;;;;4899.0;64.390625
0;71400;PEARLS;10002;2;9996;2;9995;25;10004;2;10005;25;;;10003.0;512.0
0;71400;BANANAS;4895;27;;;;;4902;27;;;;;4898.5;72.28125
0;71500;PEARLS;9995;26;;;;;10005;26;;;;;10000.0;516.0
0;71500;BANANAS;4895;26;;;;;4902;26;;;;;4898.5;71.859375
0;71600;PEARLS;9998;7;9996;2;9995;29;10004;2;10005;29;;;10001.0;516.0
0;71600;BANANAS;4896;7;4895;31;;;4902;31;;;;;4899.0;72.171875
0;71700;PEARLS;9996;1;9995;25;;;9998;1;10004;1;10005;25;9997.0;516.0
0;71700;BANANAS;4895;26;;;;;4901;1;4902;25;;;4898.0;75.9921875
0;71800;PEARLS;9995;22;;;;;9998;1;10005;22;;;9996.5;518.0
0;71800;BANANAS;4894;22;;;;;4901;22;;;;;4897.5;85.515625
0;71900;BANANAS;4894;30;;;;;4895;1;4901;30;;;4894.5;94.109375
0;71900;PEARLS;9996;2;9995;28;;;10004;2;10005;28;;;10000.0;520.0
0;72000;PEARLS;9998;2;9996;1;9995;23;10004;1;10005;23;;;10001.0;520.0
0;72000;BANANAS;4896;6;4894;2;4893;24;4900;24;;;;;4898.0;114.046875
0;72100;BANANAS;4893;26;;;;;4900;26;;;;;4896.5;114.9765625
0;72100;PEARLS;9996;2;9995;24;;;9998;1;10004;2;10005;24;9997.0;520.0
0;72200;PEARLS;9995;25;;;;;9998;1;10005;25;;;9996.5;522.0
0;72200;BANANAS;4892;25;;;;;4899;25;;;;;4895.5;126.5703125
0;72300;BANANAS;4893;23;;;;;4899;1;4900;22;;;4896.0;121.8046875
0;72300;PEARLS;9996;1;9995;22;;;10004;1;10005;22;;;10000.0;524.0
0;72400;PEARLS;9995;25;;;;;10005;25;;;;;10000.0;524.0
0;72400;BANANAS;4893;25;;;;;4900;25;;;;;4896.5;119.84375
0;72500;BANANAS;4893;22;;;;;4899;2;4900;20;;;4896.0;118.1953125
0;72500;PEARLS;10000;4;9996;2;9995;20;10004;2;10005;20;;;10002.0;524.0
0;72600;PEARLS;9998;8;9995;28;;;10005;28;;;;;10001.5;524.0
0;72600;BANANAS;4896;4;4893;8;4892;28;4899;28;;;;;4897.5;132.59375
0;72700;BANANAS;4892;28;;;;;4899;28;;;;;4895.5;126.7421875
0;72700;PEARLS;9995;28;;;;;10005;28;;;;;10000.0;524.0
0;72800;PEARLS;9996;2;9995;27;;;10004;2;10005;27;;;10000.0;524.0
0;72800;BANANAS;4893;29;;;;;4899;2;4900;27;;;4896.0;121.3203125
0;72900;BANANAS;4893;23;;;;;4897;4;4899;23;;;4895.0;123.40625
0;72900;PEARLS;9996;1;9995;22;;;10002;4;10004;1;10005;22;9999.0;524.0
0;73000;PEARLS;9995;21;;;;;10005;21;;;;;10000.0;524.0
0;73000;BANANAS;4893;21;;;;;4900;21;;;;;4896.5;114.28125
0;73100;BANANAS;4893;28;;;;;4895;2;4897;7;4899;28;4894.0;123.046875
0;73100;PEARLS;9996;1;9995;27;;;10002;7;10004;1;10005;27;9999.0;524.0
0;73200;PEARLS;9996;1;9995;23;;;10002;7;10004;1;10005;23;9999.0;524.0
0;73200;BANANAS;4893;24;;;;;4898;7;4900;24;;;4895.5;118.484375
0;73300;BANANAS;4893;25;;;;;4900;25;;;;;4896.5;117.0
0;73300;PEARLS;9996;2;9995;23;;;10004;2;10005;23;;;10000.0;524.0
0;73400;PEARLS;9995;30;;;;;10002;6;10005;30;;;9998.5;524.0
0;73400;BANANAS;4893;30;;;;;4898;7;4900;30;;;4895.5;121.1640625
0;73500;PEARLS;9998;6;9996;1;9995;24;10004;1;10005;24;;;10001.0;524.0
0;73500;BANANAS;4898;12;4894;6;4893;25;4899;25;;;;;4898.5;124.21875
0;73600;PEARLS;9995;30;;;;;9998;1;10005;30;;;9996.5;524.0
0;73600;BANANAS;4893;30;;;;;4900;30;;;;;4896.5;122.703125
0;73700;PEARLS;10002;4;9995;25;;;10005;25;;;;;10003.5;526.0
0;73700;BANANAS;4892;25;;;;;4899;25;;;;;4895.5;129.0390625
0;73800;PEARLS;9998;1;9996;1;9995;21;10004;1;10005;21;;;10001.0;534.0
0;73800;BANANAS;4893;1;4892;22;;;4899;22;;;;;4896.0;131.46875
0;73900;PEARLS;9995;27;;;;;10005;27;;;;;10000.0;534.0
0;73900;BANANAS;4892;27;;;;;4899;27;;;;;4895.5;127.7578125
0;74000;PEARLS;10000;5;9996;2;9995;27;10004;2;10005;27;;;10002.0;534.0
0;74000;BANANAS;4892;29;;;;;4893;2;4898;2;4899;27;4892.5;137.2734375
0;74100;PEARLS;9998;5;9996;1;9995;23;10004;1;10005;23;;;10001.0;534.0
0;74100;BANANAS;4892;29;;;;;4898;24;;;;;4895.0;146.84375
0;74200;PEARLS;9996;1;9995;30;;;10002;1;10004;1;10005;30;9999.0;534.0
0;74200;BANANAS;4892;1;4891;30;;;4896;1;4898;31;;;4894.0;149.296875
0;74300;PEARLS;9998;6;9996;1;9995;26;10004;1;10005;26;;;10001.0;534.0
0;74300;BANANAS;4897;1;4892;8;4891;26;4898;27;;;;;4897.5;148.046875
0;74400;PEARLS;9996;2;9995;21;;;10004;2;10005;21;;;10000.0;534.0
0;74400;BANANAS;4891;23;;;;;4898;23;;;;;4894.5;157.34375
0;74500;PEARLS;9996;2;9995;24;;;10004;2;10005;24;;;10000.0;534.0
0;74500;BANANAS;4896;1;4895;1;4891;26;4897;26;;;;;4896.5;163.8203125
0;74600;PEARLS;9996;2;9995;27;;;9998;2;10004;2;10005;27;9997.0;534.0
0;74600;BANANAS;4891;2;4890;27;;;4897;29;;;;;4894.0;170.8203125
0;74700;PEARLS;9996;1;9995;26;;;10004;1;10005;26;;;10000.0;538.0
0;74700;BANANAS;4890;27;;;;;4893;6;4896;1;4897;26;4891.5;181.75
0;74800;PEARLS;9996;2;9995;24;;;10004;2;10005;24;;;10000.0;538.0
0;74800;BANANAS;4890;26;;;;;4896;26;;;;;4893.0;182.609375
0;74900;PEARLS;9996;1;9995;27;;;10004;1;10005;27;;;10000.0;538.0
0;74900;BANANAS;4890;28;;;;;4896;1;4897;27;;;4893.0;180.98046875
0;75000;PEARLS;9996;1;9995;21;;;9998;4;10004;1;10005;21;9997.0;538.0
0;75000;BANANAS;4890;22;;;;;4896;22;;;;;4893.0;183.4453125
0;75100;PEARLS;9996;2;9995;26;;;10002;8;10004;2;10005;26;9999.0;546.0
0;75100;BANANAS;4890;28;;;;;4895;8;4897;28;;;4892.5;176.87109375
0;75200;PEARLS;9996;1;9995;30;;;10004;1;10005;30;;;10000.0;546.0
0;75200;BANANAS;4890;31;;;;;4893;6;4897;31;;;4891.5;165.447265625
0;75300;PEARLS;9998;7;9996;1;9995;26;10004;1;10005;26;;;10001.0;546.0
0;75300;BANANAS;4892;8;4891;26;;;4898;27;;;;;4895.0;172.791015625
0;75400;PEARLS;9995;25;;;;;10005;25;;;;;10000.0;546.0
0;75400;BANANAS;4892;25;;;;;4899;25;;;;;4895.5;174.1015625
0;75500;PEARLS;9996;1;9995;22;;;10004;1;10005;22;;;10000.0;546.0
0;75500;BANANAS;4892;23;;;;;4898;23;;;;;4895.0;173.0849609375
0;75600;PEARLS;9996;2;9995;23;;;9998;9;10004;2;10005;23;9997.0;546.0
0;75600;BANANAS;4892;25;;;;;4898;2;4899;23;;;4895.0;173.50390625
0;75700;PEARLS;9996;2;9995;25;;;10004;2;10005;25;;;10000.0;564.0
0;75700;BANANAS;4898;1;4892;27;;;4899;27;;;;;4898.5;175.076171875
0;75800;PEARLS;9996;2;9995;26;;;10002;3;10004;2;10005;26;9999.0;564.0
0;75800;BANANAS;4892;28;;;;;4897;2;4899;28;;;4894.5;176.9912109375
0;75900;PEARLS;9996;2;9995;22;;;10004;2;10005;22;;;10000.0;564.0
0;75900;BANANAS;4892;24;;;;;4893;3;4898;24;;;4892.5;176.0419921875
0;76000;PEARLS;9998;8;9996;1;9995;30;10004;1;10005;30;;;10001.0;564.0
0;76000;BANANAS;4893;8;4892;31;;;4898;31;;;;;4895.5;182.23828125
0;76100;PEARLS;10002;1;9995;28;;;10005;28;;;;;10003.5;564.0
0;76100;BANANAS;4892;28;;;;;4899;28;;;;;4895.5;183.201171875
0;76200;PEARLS;9998;9;9995;28;;;10005;28;;;;;10001.5;566.0
0;76200;BANANAS;4893;9;4892;28;;;4899;28;;;;;4896.0;184.69140625
0;76300;PEARLS;9998;7;9996;1;9995;21;10004;1;10005;21;;;10001.0;566.0
0;76300;BANANAS;4893;7;4892;22;;;4899;22;;;;;4896.0;184.529296875
0;76400;PEARLS;9995;28;;;;;10005;28;;;;;10000.0;566.0
0;76400;BANANAS;4892;28;;;;;4899;28;;;;;4895.5;186.4140625
0;76500;BANANAS;4893;28;;;;;4900;28;;;;;4896.5;187.7109375
0;76500;PEARLS;10000;2;9995;28;;;10005;28;;;;;10002.5;566.0
0;76600;BANANAS;4893;29;;;;;4900;29;;;;;4896.5;188.884765625
0;76600;PEARLS;9995;29;;;;;10005;29;;;;;10000.0;566.0
0;76700;PEARLS;9998;9;9996;1;9995;30;10004;1;10005;30;;;10001.0;566.0
0;76700;BANANAS;4896;2;4894;9;4893;31;4900;31;;;;;4898.0;188.748046875
0;76800;PEARLS;9995;25;;;;;10002;6;10005;25;;;9998.5;566.0
0;76800;BANANAS;4893;25;;;;;4898;6;4900;25;;;4895.5;188.810546875
0;76900;BANANAS;4894;4;4893;27;;;4900;29;;;;;4897.0;189.216796875
0;76900;PEARLS;9998;3;9996;2;9995;27;10004;2;10005;27;;;10001.0;566.0
0;77000;BANANAS;4893;28;;;;;4900;28;;;;;4896.5;189.4609375
0;77000;PEARLS;9995;28;;;;;10005;28;;;;;10000.0;566.0
0;77100;PEARLS;9998;10;9995;22;;;10005;22;;;;;10001.5;566.0
0;77100;BANANAS;4895;10;4894;22;;;4900;22;;;;;4897.5;190.138671875
0;77200;PEARLS;9995;30;;;;;10005;30;;;;;10000.0;566.0
0;77200;BANANAS;4894;30;;;;;4901;30;;;;;4897.5;165.265625
0;77300;BANANAS;4895;4;4894;25;;;4901;26;;;;;4898.0;164.68359375
0;77300;PEARLS;9998;4;9996;1;9995;25;10004;1;10005;25;;;10001.0;566.0
0;77400;BANANAS;4894;29;;;;;4901;29;;;;;4897.5;155.5703125
0;77400;PEARLS;9996;2;9995;27;;;10004;2;10005;27;;;10000.0;566.0
0;77500;PEARLS;9996;1;9995;23;;;10004;1;10005;23;;;10000.0;566.0
0;77500;BANANAS;4895;24;;;;;4901;24;;;;;4898.0;151.3984375
0;77600;PEARLS;9998;3;9995;30;;;10005;30;;;;;10001.5;566.0
0;77600;BANANAS;4895;3;4894;30;;;4901;30;;;;;4898.0;154.87890625
0;77700;BANANAS;4894;31;;;;;4901;31;;;;;4897.5;148.4296875
0;77700;PEARLS;10002;1;9996;1;9995;30;10004;1;10005;30;;;10003.0;566.0
0;77800;BANANAS;4895;2;4894;31;;;4901;31;;;;;4898.0;147.265625
0;77800;PEARLS;9998;2;9996;2;9995;29;10004;2;10005;29;;;10001.0;568.0
0;77900;PEARLS;9996;2;9995;24;;;9998;1;10002;7;10004;2;9997.0;568.0
0;77900;BANANAS;4895;2;4894;24;;;4899;6;4901;26;;;4897.0;139.390625
0;78000;PEARLS;9995;21;;;;;10005;21;;;;;10000.0;570.0
0;78000;BANANAS;4894;21;;;;;4901;21;;;;;4897.5;133.65625
0;78100;PEARLS;9995;24;;;;;10005;24;;;;;10000.0;570.0
0;78100;BANANAS;4895;23;;;;;4901;24;;;;;4898.0;130.671875
0;78200;PEARLS;10002;1;9995;24;;;10005;24;;;;;10003.5;570.0
0;78200;BANANAS;4899;1;4894;24;;;4901;24;;;;;4900.0;138.796875
0;78300;PEARLS;9995;25;;;;;10005;25;;;;;10000.0;572.0
0;78300;BANANAS;4894;25;;;;;4900;25;;;;;4897.0;148.953125
0;78400;PEARLS;9995;25;;;;;10005;25;;;;;10000.0;572.0
0;78400;BANANAS;4894;25;;;;;4901;25;;;;;4897.5;145.9375
0;78500;PEARLS;9996;2;9995;23;;;10004;2;10005;23;;;10000.0;572.0
0;78500;BANANAS;4894;2;4893;23;;;4900;25;;;;;4897.0;152.171875
0;78600;PEARLS;9996;2;9995;23;;;10002;5;10004;2;10005;23;9999.0;572.0
0;78600;BANANAS;4894;25;;;;;4898;5;4900;25;;;4896.0;150.0
0;78700;PEARLS;9996;1;9995;25;;;10004;1;10005;25;;;10000.0;572.0
0;78700;BANANAS;4894;1;4893;25;;;4900;26;;;;;4897.0;151.921875
0;78800;PEARLS;9995;29;;;;;10005;29;;;;;10000.0;572.0
0;78800;BANANAS;4899;3;4894;29;;;4901;29;;;;;4900.0;136.6796875
0;78900;PEARLS;9996;1;9995;25;;;9998;1;10004;1;10005;25;9997.0;572.0
0;78900;BANANAS;4894;1;4893;25;;;4900;26;;;;;4897.0;152.046875
0;79000;PEARLS;9996;1;9995;21;;;10004;1;10005;21;;;10000.0;574.0
0;79000;BANANAS;4894;22;;;;;4901;22;;;;;4897.5;136.8984375
0;79100;PEARLS;9995;20;;;;;9998;5;10005;20;;;9996.5;574.0
0;79100;BANANAS;4894;20;;;;;4901;20;;;;;4897.5;133.1640625
0;79200;PEARLS;9996;2;9995;24;;;10002;9;10004;2;10005;24;9999.0;584.0
0;79200;BANANAS;4895;26;;;;;4899;9;4901;26;;;4897.0;130.40625
0;79300;PEARLS;9996;1;9995;20;;;10004;1;10005;20;;;10000.0;584.0
0;79300;BANANAS;4895;1;4894;20;;;4901;21;;;;;4898.0;133.765625
0;79400;PEARLS;9995;29;;;;;10005;29;;;;;10000.0;584.0
0;79400;BANANAS;4895;29;;;;;4902;29;;;;;4898.5;124.3046875
0;79500;PEARLS;9996;2;9995;26;;;10004;2;10005;26;;;10000.0;584.0
0;79500;BANANAS;4895;28;;;;;4896;1;4902;28;;;4895.5;118.515625
0;79600;PEARLS;9996;2;9995;23;;;10002;4;10004;2;10005;23;9999.0;584.0
